2560 3958
366 227 414 274 nn
436 227 499 274 orn
522 229 654 278 nanum
677 227 752 280 can.
768 231 816 280 rx.
1001 217 1004 224 ’
1034 220 1074 286 15

109 371 247 444 quartum
267 367 383 444 signum
399 369 533 444 pervenit
552 375 582 428 et
596 369 693 430 media
714 369 771 432 duo
793 378 877 441 sunt,
903 371 981 433 videt
995 373 1074 437 κατὰ

108 447 328 527 τετράγωνον,
359 452 498 530 quoniam
523 449 602 514 linea
627 451 689 522 ilia,
721 473 778 534 qua
807 455 886 517 visus
914 458 1071 535 pertendit,

108 542 245 613 quartam
266 543 381 614 partem
403 535 485 596 orbis
505 535 637 598 abscidit.
670 556 737 598 cum
752 541 782 599 in
798 542 899 618 quinto
915 548 1013 604 autern
1030 549 1073 604 est
1091 553 1107 602 e

107 619 204 681 trihus
228 619 470 681 interiacentibus
495 621 617 691 mediis,
655 621 735 685 κατὰ
761 621 920 700 τρίγωνον
954 627 1070 705 aspicit:

70 711 175 765 onam
203 704 320 764 tertiam
345 703 476 780 signiferi
503 712 619 784 partem
645 708 723 768 visus
748 705 796 768 ilie
822 710 951 770 metitur.
997 728 1072 789 quac

109 787 184 849 duae
204 789 330 849 visiones
350 789 497 868 tetragoni
525 797 553 850 et
576 791 685 869 trigoni
706 809 851 872 perquam
872 792 1007 855 efficaces
1027 796 1072 855 in·
1105 791 1108 804 '

108 880 293 934 crementum
312 880 414 952 partus
430 871 556 934 muitum
578 874 796 936 adminiculant.
828 884 960 938 ceterum
975 898 992 939 a
1007 876 1072 938 ioco
1091 890 1123 939 10

107 963 190 1018 sexto
213 964 389 1036 conspectus
409 959 490 1018 omni
511 966 593 1020 caret
613 960 784 1021 efficientia:
809 962 872 1022 eius
894 963 974 1022 enim
994 960 1073 1023 linea

107 1040 217 1102 nullius
236 1039 377 1121 polygoni
397 1041 487 1102 efficit
506 1040 591 1103 latus.
635 1052 664 1104 at
684 1063 700 1104 a
720 1047 845 1122 septimo
866 1046 965 1116 nodio,
993 1046 1072 1125 quod

50 1133 87 1182 10
106 1134 152 1186 est
167 1127 363 1196 contrarium,
385 1123 574 1204 plenissimus
593 1129 874 1206 potentissimusque
895 1137 1073 1208 conspectus

105 1211 249 1290 quosdam
270 1211 329 1270 iam
345 1215 476 1270 maturos
490 1209 619 1272 infantes
634 1212 746 1282 educit,
768 1215 818 1291 qui
832 1221 1072 1292 septemmestres

4 1343 6 1348 ,
106 1294 308 1374 appellantur,
331 1295 401 1374 quia
420 1294 546 1373 septimo
568 1311 672 1357 mense
693 1306 866 1359 nascuntur.
911 1305 941 1358 at
954 1299 980 1359 si
995 1299 1072 1360 intra
1091 1311 1121 1360 11

105 1378 164 1438 hoc
192 1379 320 1454 spatium
349 1385 548 1440 maturescere
578 1386 681 1442 uterus
709 1399 770 1440 uon
794 1383 938 1460 potuerit,
969 1390 1072 1444 octavo

106 1479 209 1523 mense
229 1477 290 1523 non
312 1462 408 1523 editur
435 1462 481 1541 (ab
504 1470 607 1524 octavo
631 1465 708 1526 enim
730 1467 815 1544 signo
838 1474 870 1526 ut
890 1485 905 1526 a
923 1472 1004 1527 serto
1025 1467 1071 1527 in·

5 1561 6 1564 ¹
52 1554 86 1603 15
107 1545 211 1608 efficax
234 1545 337 1626 visus),
360 1546 413 1607 sed
430 1545 473 1606 vei
489 1563 569 1609 nono
585 1565 688 1610 mense
709 1547 755 1610 vei
771 1549 896 1612 decimo.
927 1548 971 1610 soi
993 1551 1071 1611 enim
1090 1561 1120 1608 12

105 1648 223 1691 anono
250 1631 335 1691 nodio
356 1628 531 1707 particulam
560 1632 761 1708 conceptionis
782 1650 901 1694 rursum
929 1635 1072 1712 conspicit

104 1714 184 1777 κατὰ
198 1712 358 1792 τρίγωνον
381 1719 409 1773 et
430 1729 445 1772 a
462 1713 577 1774 decimo
596 1713 676 1777 κατὰ
689 1713 912 1793 τετράγωνον;
936 1717 987 1794 qui
1002 1733 1072 1777 con·

106 1806 240 1876 spectus,
258 1805 290 1858 ut
304 1814 394 1876 supra
408 1799 467 1858 iarn
483 1798 594 1860 dictum
610 1807 670 1870 est,
686 1817 829 1878 perquam
845 1807 914 1862 sunt
929 1799 1070 1862 efficaces.

105 1889 236 1945 ceterum
259 1882 415 1944 undecimo
437 1899 497 1943 non
517 1889 621 1962 putant
642 1885 736 1955 nasci,
765 1886 833 1962 quia
854 1882 993 1963 languido
1013 1886 1071 1946 iam
1090 1897 1125 1946 13

52 1968 190 2028 ennodio
213 1967 363 2029 infirmum
387 1965 488 2028 lumen
510 1965 589 2030 κατὰ
611 1965 777 2043 ἑξάγωνον
799 1970 948 2040 mittatur;
977 1969 1071 2031 multo

106 2054 202 2113 minus
223 2052 413 2120 duodecimo,
443 2050 522 2112 undo
535 2061 720 2130 conspectus
748 2072 803 2132 pro
833 2053 913 2115 nullo
933 2053 1069 2115 hahetur.

104 2139 205 2214 itaque
234 2134 396 2197 secundnm
425 2135 503 2195 hanc
533 2137 675 2196 rationem
706 2135 881 2213 ἑπτάμηνοι
908 2146 1071 2199 nascuntur

104 2219 185 2284 κατὰ
200 2217 384 2297 διάμετρον,
406 2216 598 2295 ἐννεάμηνοι
613 2226 712 2280 autem
727 2219 807 2283 κατὰ
821 2219 998 2298 τρίγωνον,
1020 2224 1071 2283 δε-

105 2302 240 2382 κάμηνοι
255 2321 325 2365 vero
341 2300 420 2366 κατὰ
435 2301 653 2380 τετράγωνον.

52 2395 86 2446 25
168 2390 231 2450 Hac
246 2386 461 2450 Chaldaeorum
482 2390 626 2450 sententia
643 2387 786 2466 explicata
804 2397 923 2451 transeo
943 2389 980 2449 ad
1003 2391 1065 2467 opi·
1099 2394 1123 2452 9

104 2471 466 2551 nionemPythagoricam
485 2471 610 2534 Varroni
625 2480 779 2534 tractatam
799 2475 830 2534 in
852 2471 928 2534 libro
948 2474 998 2552 qui
1021 2490 1070 2533 vo·

105 2551 189 2620 catur
211 2556 331 2618 Tubero
353 2562 382 2616 et
401 2556 481 2616 intus
501 2555 709 2624 subscribitur·
722 2557 759 2618 de
785 2559 899 2635 origiue
925 2557 1068 2626 humanm

105 2661 181 2723 quae
196 2633 405 2721 quiuom‘rauo
420 2641 580 2719 praecipue
595 2642 765 2721 recipienda
780 2643 817 2703 ad
832 2643 983 2704 veritatem
999 2660 1068 2721 pro·
1087 2653 1102 2702 2

104 2819 306 2830 —..----

173 2930 197 2978 2.
221 2924 367 2994 quoniam]
392 2929 434 2993 q*m
457 2927 482 2975 D
552 2927 576 2980 6,
600 2924 774 3000 τετράγωνοι
798 2932 825 2978 et
843 2925 1070 3000 rpipumotoutpo

105 3049 128 3099 9.
148 3060 265 3097 essenon
282 3045 339 3095 DV
388 3008 476 3097 nunni
491 3057 768 3110 narasantsseprtmo
791 3047 815 3095 D
832 3045 892 3096 etd
965 3048 1006 3097 11.
1026 3061 1069 3096 se·

103 3119 179 3180 ptem
196 3118 331 3166 monstres
353 3113 377 3162 V
446 3115 486 3164 14.
506 3116 607 3163 octavo
626 3112 679 3172 dV,
699 3115 842 3164 ocruaoD
912 3115 952 3166 17.
971 3127 1070 3165 antrus-

105 3197 159 3233 uon
177 3183 202 3232 D
271 3194 456 3234 nenaortnnon
473 3182 499 3230 D
568 3181 609 3233 20.
633 3193 705 3231 anan
723 3180 870 3234 einrurnon
890 3180 979 3246 (cuper
997 3195 1010 3233 ε
1027 3197 1070 3232 re-

106 3302 249 3352 acutissima
267 3283 298 3352 m.
316 3302 377 3354 odd.
391 3297 413 3363 ‘)
433 3300 472 3364 D,
491 3261 692 3353 tortuneiotrutnou¹
715 3300 743 3349 V
758 3299 782 3362 (ε
800 3301 862 3354 odd.
882 3302 897 3349 1
915 3297 957 3363 m.)
1027 3301 1068 3351 22.
1170 3348 1171 3353 ,

106 3381 271 3420 ennomunor
293 3369 351 3419 DV
415 3369 458 3420 23.
482 3365 717 3420 nurootumnoron
744 3368 769 3417 V
837 3379 1027 3420 euneuaoauot
1044 3367 1069 3413 D

106 3449 286 3490 pernumerant
314 3450 386 3487 uano
409 3436 434 3485 D
502 3438 544 3488 25.
569 3434 756 3488 chaaoeoaum
778 3434 835 3485 DV
901 3436 942 3485 27.
970 3431 1072 3484 scribi·

104 3508 149 3553 tur
171 3504 197 3553 V
262 3506 304 3556 28.
325 3515 468 3570 pnoxtmae
487 3505 511 3554 D
