2560 3958
367 215 414 262 nn
437 215 498 262 nus
521 213 654 262 nurum
677 214 752 262 cnr.
769 216 826 262 xx.
1035 200 1078 265 43

111 356 185 434 giuti
200 355 290 416 trium
306 354 422 416 dierum
443 353 565 416 alteruis
580 356 664 416 annis
684 354 751 416 addi
767 353 939 433 placuisset,
962 361 994 416 ut
1009 356 1076 416 civi-

110 439 147 500 lis
161 457 255 500 annus
267 439 303 500 ad
317 437 480 500 naturalem
496 447 721 520 exaequaretur,
738 440 766 499 in
780 457 880 500 mense
892 441 1077 518 potissimum

109 523 274 584 Februario
294 526 371 586 inter
386 523 550 584 terminalia
567 532 596 585 et
611 523 787 602 regifugium
803 523 1006 586 intercalatum
1023 533 1075 594 est,

110 609 199 687 idque
215 609 265 669 diu
280 609 389 670 lactum
403 609 488 688 prius
504 627 592 688 quam
612 610 774 670 sentiretur
796 627 889 670 annos
905 609 1003 672 civiles
1025 609 1075 670 ali·

76 701 92 752 o
111 700 221 770 quanto
236 691 418 754 naturalibus
439 711 503 755 esse
519 695 656 756 maiores.
687 694 766 772 quod
782 693 920 755 delictum
936 703 968 754 ut
983 697 1075 756 corri-

110 785 246 856 geretur,
272 777 459 856 pontificibus
480 778 579 840 datum
596 781 747 856 negotium
769 797 933 858 eorumque
953 778 1076 840 arbitrio

109 861 302 922 intercalandi
315 864 390 924 ratio
406 864 559 940 permissa.
584 863 636 926 sed
652 863 758 924 borum
775 861 908 942 plerique
923 862 962 924 ob
978 863 1076 924 odium
1095 875 1109 924 't

109 944 156 1006 rel
177 948 316 1025 gratiam,
346 964 404 1024 quo
427 949 494 1026 quis
514 949 686 1025 magistratu
708 950 793 1008 citius
814 948 910 1008 abiret
930 948 1076 1009 diutiusve

110 1029 284 1110 iungeretur
306 1039 355 1092 aut
370 1031 481 1109 publici
501 1032 653 1094 redemtor
674 1051 709 1093 ex
733 1034 802 1092 anni
823 1032 1025 1109 magnitudine
1047 1033 1076 1093 in

58 1123 91 1173 10
110 1113 192 1176 lucro
206 1116 349 1176 damnove
363 1125 457 1186 esset,
471 1114 537 1195 plus
550 1118 683 1178 minusve
697 1135 731 1177 ex
740 1116 862 1178 libidine
874 1115 1076 1178 intercalando

108 1217 174 1260 rem
195 1200 252 1262 sibi
273 1201 308 1260 ad
326 1201 534 1278 corrigendum
551 1201 719 1262 mandatam
739 1199 818 1262 ultro
839 1201 917 1280 quod
934 1202 1075 1280 deprava-

109 1292 193 1354 runt,
217 1284 292 1346 adeo
313 1284 482 1346 aberratum
499 1294 591 1346 estut
606 1285 641 1352 G.
659 1286 766 1347 Caesar
783 1285 916 1364 pontifex
931 1287 1076 1346 maximus
1093 1297 1110 1346 8

108 1386 163 1429 suo
180 1382 221 1428 111
236 1377 265 1429 et
280 1369 317 1428 Μ.
334 1369 448 1430 Aemilii
464 1369 566 1448 Lepidi
583 1369 747 1440 consulatu,
764 1387 822 1449 quo
838 1379 920 1431 retro
936 1369 1075 1431 delictum

109 1453 286 1530 corrigeret,
318 1452 393 1516 duos
419 1471 536 1516 menses
557 1455 759 1516 intercalarios
782 1455 898 1516 dierum
920 1470 1018 1516 nxvn
1044 1457 1075 1516 in

57 1544 90 1596 15
108 1554 241 1598 mensem
262 1537 459 1599 Nouembrem
486 1546 516 1598 et
536 1538 729 1600 decembrem
758 1541 976 1617 interponeret,
1008 1557 1075 1600 cunr

107 1622 165 1682 iam
182 1639 286 1682 mense
300 1621 463 1682 Februario
479 1623 541 1681 dies
558 1636 599 1682 111
615 1629 644 1681 et
658 1637 708 1682 xx
722 1621 933 1691 intercalasset,
949 1624 1076 1683 laceret·

108 1723 167 1784 que
188 1723 254 1765 eum
281 1723 390 1766 annum
412 1706 526 1766 dierum
547 1717 720 1774 ccccxcv,
751 1707 839 1767 simul
860 1707 1019 1784 providens
1046 1709 1075 1766 in

107 1788 241 1850 futurum
264 1807 300 1852 ne
326 1791 432 1850 iterum
459 1797 625 1851 erraretur:
664 1808 732 1850 narn
760 1790 947 1850 intercalario
974 1807 1075 1852 mense
1114 1866 1116 1873 Ι

108 1872 224 1934 sublato
246 1891 355 1936 annum
379 1873 490 1940 civilem
513 1875 549 1934 ad
566 1874 636 1938 selis
657 1893 777 1935 cursum
799 1874 943 1937 lormavit.
974 1877 1074 1954 itaque
1093 1887 1108 1934 9
1209 1919 1213 1927 .

57 1967 90 2018 20
109 1957 212 2020 diebus
233 1970 344 2020 ccccv
364 1959 476 2020 addidit
498 1959 615 2030 decem,
644 1977 717 2038 quos
738 1978 792 2040 per
813 1968 925 2040 septem
947 1977 1074 2029 meuses,

108 2043 158 2120 qui
174 2043 236 2103 dies
250 2043 460 2104 undetricenos
475 2043 639 2114 habebant,
656 2047 694 2104 ita
711 2044 901 2115 discriberet,
923 2053 956 2105 ut
970 2045 1074 2106 lanua·

107 2130 154 2188 rio
170 2132 199 2188 et
214 2126 317 2188 Sextili
333 2134 362 2188 et
376 2127 531 2189 Decembri
547 2127 610 2188 bini
625 2129 810 2198 accederent,
828 2131 933 2190 ceteris
949 2129 1073 2206 singuli;

108 2228 218 2291 eosque
239 2211 302 2272 dies
322 2213 461 2274 extremis
476 2211 608 2290 partibus
629 2212 775 2272 mensium
796 2213 944 2290 adposuit,
966 2229 1003 2271 ne
1019 2213 1074 2270 sci·

107 2293 176 2356 licet
195 2296 352 2375 religiones
373 2297 419 2357 sui
441 2297 750 2376 cuiusquemensisa
771 2295 837 2356 loco
852 2312 1073 2356 summoveren·

56 2388 90 2440 25
107 2387 165 2440 tur.
203 2391 385 2460 quapropter
406 2399 485 2442 nunc
501 2399 568 2442 cum
590 2381 620 2440 in
637 2388 750 2459 septem
767 2381 918 2441 mensibus
938 2380 1000 2441 dies
1015 2380 1073 2439 sin·
1094 2389 1125 2437 10

108 2463 169 2543 guli
185 2473 213 2524 et
224 2466 331 2526 triceni
346 2467 413 2535 sint,
432 2472 570 2544 quattuor
582 2473 681 2526 tamen
697 2464 738 2525 illi
749 2466 787 2526 ita
802 2466 939 2542 primitus
949 2465 1074 2524 instituti

108 2567 145 2610 eo
161 2549 355 2610 dinoscuntur
370 2549 448 2628 quod
464 2566 558 2616 nouas
572 2547 683 2609 babent
697 2551 889 2627 septimanas,
906 2550 998 2610 ceteri
1013 2557 1074 2608 tres

108 2630 227 2715 [omnes
248 2633 297 2694 alii
318 2633 438 2714 reliqui]
461 2635 625 2714 quintanas.
660 2641 813 2713 praeterea
834 2652 889 2713 pro
910 2633 1073 2713 quadrante

175 2855 199 2903 3.
219 2853 406 2903 interminalia
428 2853 453 2902 V
520 2856 544 2907 5.
567 2853 706 2904 orbeccum
725 2854 749 2900 D
818 2855 842 2902 8.
861 2859 920 2917 post
939 2853 1029 2902 abiret
1051 2853 1075 2900 V

107 2921 168 2970 add.
197 2919 300 2969 diutius
323 2921 414 2970 abiret
482 2921 641 2984 brurtusque
664 2919 721 2968 DV
786 2923 811 2969 9.
839 2921 1008 2984 redeptord

108 2989 148 3037 10.
169 2999 311 3037 minusuen
330 2989 355 3036 D
411 2988 527 3038 nturbrue
545 2989 603 3038 DV
655 2985 865 3036 incessebanbo
884 2988 921 3048 D,
953 2987 1073 3037 interca·

74 3085 77 3090 -
106 3053 188 3104 laudi
210 3054 237 3103 V
302 3057 341 3107 ll.
365 3053 439 3104 ultro
463 3055 534 3118 quod
556 3055 674 3105 Halmius
697 3054 773 3118 (quie
790 3054 992 3118 herimannus),
1023 3070 1072 3103 ur.-

108 3137 188 3186 rnoq.
201 3123 235 3184 D,
254 3121 382 3184 ultroque
398 3122 430 3184 V,
449 3128 539 3188 utroq3
557 3139 587 3174 m.
601 3139 654 3174 rec.
667 3124 692 3170 in
709 3121 736 3170 V
745 3125 770 3171 in
782 3139 862 3186 aaarp.
933 3124 973 3174 13.
991 3135 1071 3172 aemi-

108 3203 152 3239 nro
169 3191 204 3254 D,
223 3189 300 3256 emili
321 3189 349 3237 V
414 3191 454 3240 14.
474 3205 560 3239 cxrrn
579 3190 637 3238 nV
702 3189 1005 3242 18.1sreoka1.as1on

107 3291 149 3339 21.
169 3289 334 3342 discriberet
350 3291 481 3353 Heiutus,
499 3260 677 3340 ousceree‘m
694 3289 729 3352 D,
749 3289 892 3341 distribuit
914 3291 941 3337 V
954 3293 1026 3354 culpo

107 3358 150 3408 22.
168 3366 228 3422 post
244 3357 392 3409 Decembri
409 3359 434 3406 D
452 3359 561 3408 adduc
630 3361 672 3410 23.
692 3370 823 3407 meusium
842 3360 866 3407 D
884 3364 943 3407 ente
961 3371 1015 3406 ras.
1039 3356 1071 3415 V,

107 3438 249 3476 mensuum
267 3428 285 3475 d
352 3427 394 3476 24.
412 3427 540 3490 regiones
563 3426 590 3474 V
655 3426 696 3476 28.
715 3440 808 3476 omnes
821 3425 870 3475 alii
888 3424 987 3487 reliqui
998 3424 1072 3473 eiecit

106 3491 225 3551 Medius,
244 3507 392 3558 omnesque
411 3493 510 3558 reliqui
528 3495 593 3544 coni.
614 3494 791 3544 Lucumonem
