<?xml version="1.0" encoding="UTF-8"?>
<!DOCTYPE html PUBLIC "-//W3C//DTD XHTML 1.0 Transitional//EN"
    "http://www.w3.org/TR/xhtml1/DTD/xhtml1-transitional.dtd">
<html xmlns="http://www.w3.org/1999/xhtml" xml:lang="en" lang="en">
 <head>
  <title>
</title>
<meta http-equiv="Content-Type" content="text/html;charset=utf-8" />
  <meta name='ocr-system' content='tesseract 3.04.00' />
  <meta name='ocr-capabilities' content='ocr_page ocr_carea ocr_par ocr_line ocrx_word'/>
</head>
<body>
  <div class='ocr_page' id='page_1' title='image "./censorinidedien00censgoog_0087.png"; bbox 0 0 2560 3958; ppageno 0'>
   <div class='ocr_carea' id='block_1_1' title="bbox 198 217 878 282">
    <p class='ocr_par' dir='ltr' id='par_1_1' title="bbox 198 217 878 282">
     <span class='ocr_line' id='line_1_1' title="bbox 198 217 878 282; baseline -0.013 0"><span class='ocrx_word' id='word_1_1' title='bbox 198 217 240 282; x_wconf 88' lang='lat'>68</span> <span class='ocrx_word' id='word_1_2' title='bbox 485 227 692 276; x_wconf 74' lang='lat' dir='ltr'>cananeum</span> <span class='ocrx_word' id='word_1_3' title='bbox 715 226 789 275; x_wconf 78' lang='lat' dir='ltr'>aar.</span> <span class='ocrx_word' id='word_1_4' title='bbox 807 227 878 274; x_wconf 78' lang='lat' dir='ltr'>xiv.</span> 
     </span>
    </p>
   </div>
   <div class='ocr_carea' id='block_1_2' title="bbox 147 447 909 511">
    <p class='ocr_par' dir='ltr' id='par_1_2' title="bbox 147 447 909 511">
     <span class='ocr_line' id='line_1_2' title="bbox 147 447 909 511; baseline -0.018 0"><span class='ocrx_word' id='word_1_5' title='bbox 147 453 182 511; x_wconf 76' lang='grc'>14</span> <span class='ocrx_word' id='word_1_6' title='bbox 457 453 507 502; x_wconf 85' lang='lat' dir='ltr'>DE</span> <span class='ocrx_word' id='word_1_7' title='bbox 527 450 718 502; x_wconf 77' lang='lat' dir='ltr'>Lndl&#39;rtmls</span> <span class='ocrx_word' id='word_1_8' title='bbox 732 447 909 502; x_wconf 80' lang='lat' dir='ltr'>NUMERIS.</span> 
     </span>
    </p>
   </div>
   <div class='ocr_carea' id='block_1_3' title="bbox 66 584 1221 2603">
    <p class='ocr_par' dir='ltr' id='par_1_3' title="bbox 198 584 1168 834">
     <span class='ocr_line' id='line_1_3' title="bbox 262 584 1167 664; baseline -0.006 -15"><span class='ocrx_word' id='word_1_9' title='bbox 262 589 378 650; x_wconf 84' lang='lat' dir='ltr'>Primus</span> <span class='ocrx_word' id='word_1_10' title='bbox 400 594 443 647; x_wconf 84' lang='lat' dir='ltr'>est</span> <span class='ocrx_word' id='word_1_11' title='bbox 465 595 493 646; x_wconf 88' lang='lat' dir='ltr'>et</span> <span class='ocrx_word' id='word_1_12' title='bbox 513 586 662 664; x_wconf 83' lang='lat' dir='ltr'>legitimus</span> <span class='ocrx_word' id='word_1_13' title='bbox 683 586 809 647; x_wconf 84' lang='lat' dir='ltr'><strong>maxime</strong></span> <span class='ocrx_word' id='word_1_14' title='bbox 830 587 972 645; x_wconf 85' lang='lat' dir='ltr'>numerus</span> <span class='ocrx_word' id='word_1_15' title='bbox 993 584 1167 644; x_wconf 79' lang='lat' dir='ltr'>hexameter</span> 
     </span>
     <span class='ocr_line' id='line_1_4' title="bbox 198 669 1168 750; baseline -0.007 -15"><span class='ocrx_word' id='word_1_16' title='bbox 198 675 347 736; x_wconf 89' lang='lat' dir='ltr'>heroicus.</span> <span class='ocrx_word' id='word_1_17' title='bbox 382 673 469 732; x_wconf 92' lang='lat' dir='ltr'>huius</span> <span class='ocrx_word' id='word_1_18' title='bbox 489 671 580 750; x_wconf 87' lang='lat' dir='ltr'>pedes</span> <span class='ocrx_word' id='word_1_19' title='bbox 601 679 651 732; x_wconf 92' lang='lat' dir='ltr'>aut</span> <span class='ocrx_word' id='word_1_20' title='bbox 667 670 774 749; x_wconf 83' lang='lat' dir='ltr'>dactyli</span> <span class='ocrx_word' id='word_1_21' title='bbox 789 676 858 731; x_wconf 88' lang='lat' dir='ltr'>sunt</span> <span class='ocrx_word' id='word_1_22' title='bbox 879 678 928 730; x_wconf 88' lang='lat' dir='ltr'>aut</span> <span class='ocrx_word' id='word_1_23' title='bbox 944 669 1075 748; x_wconf 88' lang='lat' dir='ltr'>spondii:</span> <span class='ocrx_word' id='word_1_24' title='bbox 1100 687 1168 728; x_wconf 88' lang='lat' dir='ltr'>raro</span> 
     </span>
     <span class='ocr_line' id='line_1_5' title="bbox 200 752 1168 834; baseline -0.006 -14"><span class='ocrx_word' id='word_1_25' title='bbox 200 766 228 820; x_wconf 89' lang='lat' dir='ltr'>et</span> <span class='ocrx_word' id='word_1_26' title='bbox 243 759 274 818; x_wconf 93' lang='lat' dir='ltr'>in</span> <span class='ocrx_word' id='word_1_27' title='bbox 291 767 424 818; x_wconf 82' lang='lat' dir='ltr'>extremo</span> <span class='ocrx_word' id='word_1_28' title='bbox 440 773 527 817; x_wconf 86' lang='lat' dir='ltr'>versu</span> <span class='ocrx_word' id='word_1_29' title='bbox 543 755 708 834; x_wconf 85' lang='lat' dir='ltr'>reperietur</span> <span class='ocrx_word' id='word_1_30' title='bbox 723 753 890 816; x_wconf 90' lang='lat' dir='ltr'>trochaeus.</span> <span class='ocrx_word' id='word_1_31' title='bbox 922 755 984 814; x_wconf 89' lang='lat' dir='ltr'>eius</span> <span class='ocrx_word' id='word_1_32' title='bbox 1000 752 1168 833; x_wconf 81' lang='lat' dir='ltr'>exemplum</span> 
     </span>
    </p>

    <p class='ocr_par' dir='ltr' id='par_1_4' title="bbox 198 838 1203 1086">
     <span class='ocr_line' id='line_1_6' title="bbox 326 838 1203 918; baseline -0.005 -18"><span class='ocrx_word' id='word_1_33' title='bbox 326 842 395 901; x_wconf 79' lang='lat' dir='ltr'>Avia</span> <span class='ocrx_word' id='word_1_34' title='bbox 411 839 562 901; x_wconf 82' lang='lat' dir='ltr'>Pieridum</span> <span class='ocrx_word' id='word_1_35' title='bbox 579 857 705 918; x_wconf 85' lang='lat' dir='ltr'>peragro</span> <span class='ocrx_word' id='word_1_36' title='bbox 721 838 786 900; x_wconf 91' lang='lat' dir='ltr'>loca</span> <span class='ocrx_word' id='word_1_37' title='bbox 802 838 910 899; x_wconf 86' lang='lat' dir='ltr'>nullius</span> <span class='ocrx_word' id='word_1_38' title='bbox 925 846 1002 898; x_wconf 84' lang='lat' dir='ltr'>ante.</span> <span class='ocrx_word' id='word_1_39' title='bbox 1188 849 1203 896; x_wconf 85' lang='lat'>5</span> 
     </span>
     <span class='ocr_line' id='line_1_7' title="bbox 198 922 1168 1004; baseline -0.004 -18"><span class='ocrx_word' id='word_1_40' title='bbox 198 935 276 987; x_wconf 88' lang='lat' dir='ltr'>totus</span> <span class='ocrx_word' id='word_1_41' title='bbox 303 928 358 986; x_wconf 86' lang='lat' dir='ltr'>iste</span> <span class='ocrx_word' id='word_1_42' title='bbox 381 922 540 1004; x_wconf 80' lang='lat' dir='ltr'>dactylicus</span> <span class='ocrx_word' id='word_1_43' title='bbox 562 923 615 985; x_wconf 89' lang='lat' dir='ltr'>init</span> <span class='ocrx_word' id='word_1_44' title='bbox 638 931 667 984; x_wconf 94' lang='lat' dir='ltr'>et</span> <span class='ocrx_word' id='word_1_45' title='bbox 687 923 789 984; x_wconf 90' lang='lat' dir='ltr'>habuit</span> <span class='ocrx_word' id='word_1_46' title='bbox 815 941 962 984; x_wconf 91' lang='lat' dir='ltr'>summum</span> <span class='ocrx_word' id='word_1_47' title='bbox 985 923 1168 983; x_wconf 78' lang='lat' dir='ltr'>trochaeum.</span> 
     </span>
     <span class='ocr_line' id='line_1_8' title="bbox 199 1007 725 1086; baseline -0.008 -14"><span class='ocrx_word' id='word_1_48' title='bbox 199 1011 252 1072; x_wconf 88' lang='lat' dir='ltr'>sed</span> <span class='ocrx_word' id='word_1_49' title='bbox 267 1012 376 1070; x_wconf 84' lang='lat' dir='ltr'>mixtus</span> <span class='ocrx_word' id='word_1_50' title='bbox 394 1029 428 1070; x_wconf 80' lang='lat' dir='ltr'>ex</span> <span class='ocrx_word' id='word_1_51' title='bbox 445 1009 576 1086; x_wconf 90' lang='lat' dir='ltr'>spondiis</span> <span class='ocrx_word' id='word_1_52' title='bbox 592 1007 640 1068; x_wconf 88' lang='lat' dir='ltr'>hic</span> <span class='ocrx_word' id='word_1_53' title='bbox 656 1009 725 1077; x_wconf 89' lang='lat' dir='ltr'>erit,</span> 
     </span>
    </p>

    <p class='ocr_par' dir='ltr' id='par_1_5' title="bbox 164 1092 974 1256">
     <span class='ocr_line' id='line_1_9' title="bbox 164 1092 974 1171; baseline 0 -19"><span class='ocrx_word' id='word_1_54' title='bbox 164 1104 180 1152; x_wconf 78' lang='lat'>2</span> <span class='ocrx_word' id='word_1_55' title='bbox 326 1093 437 1154; x_wconf 87' lang='lat' dir='ltr'>ltaliam</span> <span class='ocrx_word' id='word_1_56' title='bbox 454 1093 511 1152; x_wconf 88' lang='lat' dir='ltr'>lato</span> <span class='ocrx_word' id='word_1_57' title='bbox 527 1092 671 1171; x_wconf 84' lang='lat' dir='ltr'>prologus</span> <span class='ocrx_word' id='word_1_58' title='bbox 685 1092 864 1170; x_wconf 81' lang='lat' dir='ltr'>Laviniaque</span> <span class='ocrx_word' id='word_1_59' title='bbox 882 1093 974 1159; x_wconf 88' lang='lat' dir='ltr'>venit;</span> 
     </span>
     <span class='ocr_line' id='line_1_10' title="bbox 198 1178 486 1256; baseline -0.003 -17"><span class='ocrx_word' id='word_1_60' title='bbox 198 1187 279 1240; x_wconf 87' lang='lat' dir='ltr'>totus</span> <span class='ocrx_word' id='word_1_61' title='bbox 296 1198 330 1238; x_wconf 87' lang='lat' dir='ltr'>ex</span> <span class='ocrx_word' id='word_1_62' title='bbox 347 1178 486 1256; x_wconf 88' lang='lat' dir='ltr'>spondeis</span> 
     </span>
    </p>

    <p class='ocr_par' dir='ltr' id='par_1_6' title="bbox 198 1260 1168 1678">
     <span class='ocr_line' id='line_1_11' title="bbox 327 1260 967 1338; baseline -0.008 -14"><span class='ocrx_word' id='word_1_63' title='bbox 327 1263 408 1324; x_wconf 82' lang='lat' dir='ltr'>Cives</span> <span class='ocrx_word' id='word_1_64' title='bbox 424 1261 548 1322; x_wconf 86' lang='lat' dir='ltr'>Romani</span> <span class='ocrx_word' id='word_1_65' title='bbox 564 1268 634 1320; x_wconf 91' lang='lat' dir='ltr'>tunc</span> <span class='ocrx_word' id='word_1_66' title='bbox 649 1261 718 1322; x_wconf 87' lang='lat' dir='ltr'>lacti</span> <span class='ocrx_word' id='word_1_67' title='bbox 734 1267 803 1321; x_wconf 84' lang='lat' dir='ltr'>suut</span> <span class='ocrx_word' id='word_1_68' title='bbox 818 1260 967 1338; x_wconf 87' lang='lat' dir='ltr'>Campani.</span> 
     </span>
     <span class='ocr_line' id='line_1_12' title="bbox 199 1343 1163 1424; baseline -0.002 -18"><span class='ocrx_word' id='word_1_69' title='bbox 199 1348 256 1406; x_wconf 90' lang='lat' dir='ltr'>hoc</span> <span class='ocrx_word' id='word_1_70' title='bbox 276 1364 370 1424; x_wconf 83' lang='lat' dir='ltr'>genus</span> <span class='ocrx_word' id='word_1_71' title='bbox 391 1347 508 1406; x_wconf 89' lang='lat' dir='ltr'>numeri</span> <span class='ocrx_word' id='word_1_72' title='bbox 529 1346 774 1424; x_wconf 90' lang='lat' dir='ltr'>paucissimarum</span> <span class='ocrx_word' id='word_1_73' title='bbox 797 1344 952 1406; x_wconf 89' lang='lat' dir='ltr'>duodecim</span> <span class='ocrx_word' id='word_1_74' title='bbox 975 1343 1163 1424; x_wconf 88' lang='lat' dir='ltr'>syllabarum,</span> 
     </span>
     <span class='ocr_line' id='line_1_13' title="bbox 198 1429 1167 1509; baseline -0.001 -20"><span class='ocrx_word' id='word_1_75' title='bbox 198 1429 392 1509; x_wconf 88' lang='lat' dir='ltr'>plurimarum</span> <span class='ocrx_word' id='word_1_76' title='bbox 418 1430 520 1490; x_wconf 86' lang='lat' dir='ltr'>docem</span> <span class='ocrx_word' id='word_1_77' title='bbox 544 1435 572 1488; x_wconf 89' lang='lat' dir='ltr'>et</span> <span class='ocrx_word' id='word_1_78' title='bbox 593 1436 668 1489; x_wconf 88' lang='lat' dir='ltr'>octo.</span> <span class='ocrx_word' id='word_1_79' title='bbox 692 1437 827 1506; x_wconf 86' lang='lat' dir='ltr'>tempora</span> <span class='ocrx_word' id='word_1_80' title='bbox 848 1429 953 1508; x_wconf 81' lang='lat' dir='ltr'>recipit</span> <span class='ocrx_word' id='word_1_81' title='bbox 969 1429 1069 1508; x_wconf 83' lang='lat' dir='ltr'>viginti</span> <span class='ocrx_word' id='word_1_82' title='bbox 1085 1436 1167 1508; x_wconf 90' lang='lat' dir='ltr'>quat·</span> 
     </span>
     <span class='ocr_line' id='line_1_14' title="bbox 199 1511 1168 1594; baseline -0.001 -20"><span class='ocrx_word' id='word_1_83' title='bbox 199 1525 280 1584; x_wconf 89' lang='lat' dir='ltr'>tuor,</span> <span class='ocrx_word' id='word_1_84' title='bbox 309 1516 427 1575; x_wconf 87' lang='lat' dir='ltr'>interim</span> <span class='ocrx_word' id='word_1_85' title='bbox 451 1514 552 1590; x_wconf 86' lang='lat' dir='ltr'>viginti</span> <span class='ocrx_word' id='word_1_86' title='bbox 575 1511 656 1593; x_wconf 88' lang='lat' dir='ltr'>[tres</span> <span class='ocrx_word' id='word_1_87' title='bbox 678 1511 822 1594; x_wconf 84' lang='lat' dir='ltr'>pedihus]</span> <span class='ocrx_word' id='word_1_88' title='bbox 845 1512 941 1574; x_wconf 88' lang='lat' dir='ltr'>tribus</span> <span class='ocrx_word' id='word_1_89' title='bbox 962 1520 1074 1574; x_wconf 85' lang='lat' dir='ltr'>tantum</span> <span class='ocrx_word' id='word_1_90' title='bbox 1098 1531 1168 1573; x_wconf 88' lang='lat' dir='ltr'>con·</span> 
     </span>
     <span class='ocr_line' id='line_1_15' title="bbox 198 1597 1167 1678; baseline 0.001 -19"><span class='ocrx_word' id='word_1_91' title='bbox 198 1600 304 1660; x_wconf 87' lang='lat' dir='ltr'>ficitur.</span> <span class='ocrx_word' id='word_1_92' title='bbox 340 1598 451 1659; x_wconf 85' lang='lat' dir='ltr'>formas</span> <span class='ocrx_word' id='word_1_93' title='bbox 467 1599 576 1678; x_wconf 81' lang='lat' dir='ltr'>excipit</span> <span class='ocrx_word' id='word_1_94' title='bbox 591 1599 709 1676; x_wconf 83' lang='lat' dir='ltr'>triginta</span> <span class='ocrx_word' id='word_1_95' title='bbox 726 1597 816 1667; x_wconf 89' lang='lat' dir='ltr'>duas,</span> <span class='ocrx_word' id='word_1_96' title='bbox 840 1615 912 1674; x_wconf 87' lang='lat' dir='ltr'>quas</span> <span class='ocrx_word' id='word_1_97' title='bbox 934 1615 1110 1659; x_wconf 87' lang='lat' dir='ltr'>enumerare</span> <span class='ocrx_word' id='word_1_98' title='bbox 1126 1597 1167 1660; x_wconf 88' lang='lat' dir='ltr'>le·</span> 
     </span>
    </p>

    <p class='ocr_par' dir='ltr' id='par_1_7' title="bbox 66 1682 579 1761">
     <span class='ocr_line' id='line_1_16' title="bbox 66 1682 579 1761; baseline -0.01 -16"><span class='ocrx_word' id='word_1_99' title='bbox 66 1750 69 1758; x_wconf 60' lang='grc'>,</span> <span class='ocrx_word' id='word_1_100' title='bbox 198 1683 375 1744; x_wconf 86' lang='lat' dir='ltr'>stiuantibus</span> <span class='ocrx_word' id='word_1_101' title='bbox 390 1682 510 1761; x_wconf 83' lang='lat' dir='ltr'>longum</span> <span class='ocrx_word' id='word_1_102' title='bbox 527 1690 579 1742; x_wconf 89' lang='lat' dir='ltr'>est.</span> 
     </span>
    </p>

    <p class='ocr_par' dir='ltr' id='par_1_8' title="bbox 165 1765 902 1846">
     <span class='ocr_line' id='line_1_17' title="bbox 165 1765 902 1846; baseline 0.003 -22"><span class='ocrx_word' id='word_1_103' title='bbox 165 1777 181 1824; x_wconf 81' lang='lat' dir='ltr'>a</span> <span class='ocrx_word' id='word_1_104' title='bbox 263 1768 450 1828; x_wconf 89' lang='lat' dir='ltr'>Pentameter</span> <span class='ocrx_word' id='word_1_105' title='bbox 467 1766 613 1844; x_wconf 82' lang='lat' dir='ltr'>elegiacus</span> <span class='ocrx_word' id='word_1_106' title='bbox 630 1765 719 1826; x_wconf 84' lang='lat' dir='ltr'>hahet</span> <span class='ocrx_word' id='word_1_107' title='bbox 736 1765 902 1846; x_wconf 86' lang='lat' dir='ltr'>exemplum</span> 
     </span>
    </p>

    <p class='ocr_par' dir='ltr' id='par_1_9' title="bbox 199 1848 1221 2351">
     <span class='ocr_line' id='line_1_18' title="bbox 327 1848 943 1928; baseline -0.003 -16"><span class='ocrx_word' id='word_1_108' title='bbox 327 1851 401 1912; x_wconf 86' lang='lat' dir='ltr'>llum</span> <span class='ocrx_word' id='word_1_109' title='bbox 419 1870 502 1912; x_wconf 75' lang='lat' dir='ltr'>rueris</span> <span class='ocrx_word' id='word_1_110' title='bbox 518 1850 640 1910; x_wconf 90' lang='lat' dir='ltr'>adsiduo</span> <span class='ocrx_word' id='word_1_111' title='bbox 656 1848 752 1910; x_wconf 90' lang='lat' dir='ltr'>luceat</span> <span class='ocrx_word' id='word_1_112' title='bbox 767 1853 834 1928; x_wconf 83' lang='lat' dir='ltr'>igne</span> <span class='ocrx_word' id='word_1_113' title='bbox 851 1851 943 1910; x_wconf 77' lang='lat' dir='ltr'>locris,</span> 
     </span>
     <span class='ocr_line' id='line_1_19' title="bbox 200 1934 1168 2014; baseline 0 -20"><span class='ocrx_word' id='word_1_114' title='bbox 200 1937 305 2012; x_wconf 85' lang='lat' dir='ltr'>recipit</span> <span class='ocrx_word' id='word_1_115' title='bbox 321 1935 485 2014; x_wconf 86' lang='lat' dir='ltr'>dactylum,</span> <span class='ocrx_word' id='word_1_116' title='bbox 503 1934 678 2011; x_wconf 88' lang='lat' dir='ltr'>spondium,</span> <span class='ocrx_word' id='word_1_117' title='bbox 695 1942 868 2010; x_wconf 87' lang='lat' dir='ltr'>anapaestos</span> <span class='ocrx_word' id='word_1_118' title='bbox 883 1935 967 2006; x_wconf 73' lang='lat' dir='ltr'>duos</span> <span class='ocrx_word' id='word_1_119' title='bbox 984 1937 1015 1998; x_wconf 89' lang='lat' dir='ltr'>in</span> <span class='ocrx_word' id='word_1_120' title='bbox 1030 1935 1087 1996; x_wconf 88' lang='lat' dir='ltr'>tine</span> <span class='ocrx_word' id='word_1_121' title='bbox 1103 1953 1168 1996; x_wconf 85' lang='lat' dir='ltr'>rer·</span> 
     </span>
     <span class='ocr_line' id='line_1_20' title="bbox 199 2017 1168 2099; baseline 0.002 -21"><span class='ocrx_word' id='word_1_122' title='bbox 199 2037 249 2079; x_wconf 89' lang='lat' dir='ltr'>sus</span> <span class='ocrx_word' id='word_1_123' title='bbox 265 2017 421 2099; x_wconf 91' lang='lat' dir='ltr'>aliqnando</span> <span class='ocrx_word' id='word_1_124' title='bbox 437 2017 702 2097; x_wconf 86' lang='lat' dir='ltr'>brachysyllahum.</span> <span class='ocrx_word' id='word_1_125' title='bbox 735 2017 766 2078; x_wconf 86' lang='lat' dir='ltr'>m</span> <span class='ocrx_word' id='word_1_126' title='bbox 783 2017 961 2098; x_wconf 86' lang='lat' dir='ltr'>syllabarum</span> <span class='ocrx_word' id='word_1_127' title='bbox 978 2021 1168 2098; x_wconf 84' lang='lat' dir='ltr'>paucissima·</span> 
     </span>
     <span class='ocr_line' id='line_1_21' title="bbox 199 2102 1221 2184; baseline 0 -20"><span class='ocrx_word' id='word_1_128' title='bbox 199 2122 265 2164; x_wconf 88' lang='lat' dir='ltr'>rum</span> <span class='ocrx_word' id='word_1_129' title='bbox 278 2103 444 2176; x_wconf 87' lang='lat' dir='ltr'>duodecim,</span> <span class='ocrx_word' id='word_1_130' title='bbox 457 2102 652 2181; x_wconf 90' lang='lat' dir='ltr'>plurimarum</span> <span class='ocrx_word' id='word_1_131' title='bbox 664 2103 909 2182; x_wconf 83' lang='lat' dir='ltr'>quattuordecim.</span> <span class='ocrx_word' id='word_1_132' title='bbox 930 2106 1048 2166; x_wconf 86' lang='lat' dir='ltr'>tertium</span> <span class='ocrx_word' id='word_1_133' title='bbox 1061 2103 1168 2184; x_wconf 88' lang='lat' dir='ltr'>pedem</span> <span class='ocrx_word' id='word_1_134' title='bbox 1188 2131 1221 2178; x_wconf 66' lang='grc' dir='ltr'>ρο</span> 
     </span>
     <span class='ocr_line' id='line_1_22' title="bbox 199 2185 1167 2267; baseline 0.004 -20"><span class='ocrx_word' id='word_1_135' title='bbox 199 2187 355 2266; x_wconf 87' lang='lat' dir='ltr'>spondium</span> <span class='ocrx_word' id='word_1_136' title='bbox 372 2205 490 2265; x_wconf 87' lang='lat' dir='ltr'>semper</span> <span class='ocrx_word' id='word_1_137' title='bbox 505 2185 608 2256; x_wconf 90' lang='lat' dir='ltr'>hahet,</span> <span class='ocrx_word' id='word_1_138' title='bbox 625 2194 764 2266; x_wconf 90' lang='lat' dir='ltr'>quartum</span> <span class='ocrx_word' id='word_1_139' title='bbox 781 2195 809 2248; x_wconf 90' lang='lat' dir='ltr'>et</span> <span class='ocrx_word' id='word_1_140' title='bbox 825 2193 957 2264; x_wconf 75' lang='lat' dir='ltr'>antarum</span> <span class='ocrx_word' id='word_1_141' title='bbox 974 2197 1167 2267; x_wconf 78' lang='lat' dir='ltr'>anapaestos,</span> 
     </span>
     <span class='ocr_line' id='line_1_23' title="bbox 200 2270 792 2351; baseline -0.002 -19"><span class='ocrx_word' id='word_1_142' title='bbox 200 2275 335 2351; x_wconf 87' lang='lat' dir='ltr'>quintum</span> <span class='ocrx_word' id='word_1_143' title='bbox 352 2270 510 2351; x_wconf 89' lang='lat' dir='ltr'>aliquando</span> <span class='ocrx_word' id='word_1_144' title='bbox 525 2270 792 2350; x_wconf 89' lang='lat' dir='ltr'>brachysyllahum.</span> 
     </span>
    </p>

    <p class='ocr_par' dir='ltr' id='par_1_10' title="bbox 164 2355 1219 2603">
     <span class='ocr_line' id='line_1_24' title="bbox 164 2355 1165 2426; baseline 0.005 -15"><span class='ocrx_word' id='word_1_145' title='bbox 164 2365 181 2411; x_wconf 84' lang='lat'>4</span> <span class='ocrx_word' id='word_1_146' title='bbox 263 2357 429 2416; x_wconf 84' lang='lat' dir='ltr'>&#39;lrinretros</span> <span class='ocrx_word' id='word_1_147' title='bbox 458 2355 599 2416; x_wconf 90' lang='lat' dir='ltr'>iambicos</span> <span class='ocrx_word' id='word_1_148' title='bbox 626 2356 729 2417; x_wconf 86' lang='lat' dir='ltr'>Latine</span> <span class='ocrx_word' id='word_1_149' title='bbox 758 2359 892 2417; x_wconf 89' lang='lat' dir='ltr'>senarius</span> <span class='ocrx_word' id='word_1_150' title='bbox 918 2357 1039 2426; x_wconf 89' lang='lat' dir='ltr'>dicitnr,</span> <span class='ocrx_word' id='word_1_151' title='bbox 1080 2360 1165 2418; x_wconf 86' lang='lat' dir='ltr'>cuius</span> 
     </span>
     <span class='ocr_line' id='line_1_25' title="bbox 199 2440 365 2520; baseline -0.012 -18"><span class='ocrx_word' id='word_1_152' title='bbox 199 2440 365 2520; x_wconf 82' lang='lat' dir='ltr'>exemplum</span> 
     </span>
     <span class='ocr_line' id='line_1_26' title="bbox 296 2523 1219 2603; baseline 0.002 -19"><span class='ocrx_word' id='word_1_153' title='bbox 296 2569 297 2573; x_wconf 65' lang='lat'>,</span> <span class='ocrx_word' id='word_1_154' title='bbox 326 2523 469 2586; x_wconf 86' lang='lat' dir='ltr'>Phaselus</span> <span class='ocrx_word' id='word_1_155' title='bbox 483 2527 552 2595; x_wconf 85' lang='lat' dir='ltr'>istc,</span> <span class='ocrx_word' id='word_1_156' title='bbox 570 2543 658 2603; x_wconf 89' lang='lat' dir='ltr'>quem</span> <span class='ocrx_word' id='word_1_157' title='bbox 674 2525 778 2588; x_wconf 84' lang='lat' dir='ltr'>ridetis</span> <span class='ocrx_word' id='word_1_158' title='bbox 794 2525 935 2602; x_wconf 86' lang='lat' dir='ltr'>hospites.</span> <span class='ocrx_word' id='word_1_159' title='bbox 1188 2554 1219 2603; x_wconf 74' lang='lat'>25</span> 
     </span>
    </p>
   </div>
   <div class='ocr_carea' id='block_1_4' title="bbox 200 2792 1171 2930">
    <p class='ocr_par' dir='ltr' id='par_1_11' title="bbox 200 2792 1171 2930">
     <span class='ocr_line' id='line_1_27' title="bbox 267 2792 1131 2866; baseline 0.009 -28"><span class='ocrx_word' id='word_1_160' title='bbox 267 2792 292 2844; x_wconf 79' lang='lat'>2,</span> <span class='ocrx_word' id='word_1_161' title='bbox 312 2803 461 2842; x_wconf 78' lang='lat' dir='ltr'>exameron</span> <span class='ocrx_word' id='word_1_162' title='bbox 478 2793 536 2842; x_wconf 88' lang='lat' dir='ltr'>DV</span> <span class='ocrx_word' id='word_1_163' title='bbox 601 2795 625 2843; x_wconf 86' lang='lat'>3.</span> <span class='ocrx_word' id='word_1_164' title='bbox 645 2793 741 2866; x_wconf 73' lang='lat' dir='ltr'>dactili</span> <span class='ocrx_word' id='word_1_165' title='bbox 762 2793 786 2842; x_wconf 90' lang='lat' dir='ltr'><em>V</em></span> <span class='ocrx_word' id='word_1_166' title='bbox 854 2797 879 2846; x_wconf 86' lang='lat'>4.</span> <span class='ocrx_word' id='word_1_167' title='bbox 898 2809 1087 2862; x_wconf 74' lang='lat' dir='ltr'>aeppenterun</span> <span class='ocrx_word' id='word_1_168' title='bbox 1105 2797 1131 2846; x_wconf 88' lang='grc'>1)</span> 
     </span>
     <span class='ocr_line' id='line_1_28' title="bbox 200 2857 1171 2930; baseline 0.008 -22"><span class='ocrx_word' id='word_1_169' title='bbox 200 2857 339 2910; x_wconf 78' lang='lat' dir='ltr'>anocheus</span> <span class='ocrx_word' id='word_1_170' title='bbox 364 2859 421 2909; x_wconf 86' lang='lat' dir='ltr'>DV</span> <span class='ocrx_word' id='word_1_171' title='bbox 486 2860 875 2923; x_wconf 77' lang='lat' dir='ltr'>5.Lanet.1,926.1V,1</span> <span class='ocrx_word' id='word_1_172' title='bbox 944 2879 1070 2930; x_wconf 66' lang='lat' dir='ltr'>pestana</span> <span class='ocrx_word' id='word_1_173' title='bbox 1093 2864 1126 2928; x_wconf 82' lang='lat' dir='ltr'>(a</span> <span class='ocrx_word' id='word_1_174' title='bbox 1145 2867 1171 2916; x_wconf 86' lang='lat' dir='ltr'>in</span> 
     </span>
    </p>
   </div>
   <div class='ocr_carea' id='block_1_5' title="bbox 199 2931 1174 3566">
    <p class='ocr_par' dir='ltr' id='par_1_12' title="bbox 199 2931 1171 3096">
     <span class='ocr_line' id='line_1_29' title="bbox 200 2931 1171 3027; baseline 0.008 -20"><span class='ocrx_word' id='word_1_175' title='bbox 200 2957 265 3023; x_wconf 79' lang='lat' dir='ltr'>aas.)</span> <span class='ocrx_word' id='word_1_176' title='bbox 290 2961 326 3018; x_wconf 81' lang='lat' dir='ltr'>Ji,</span> <span class='ocrx_word' id='word_1_177' title='bbox 349 2977 468 3026; x_wconf 79' lang='lat' dir='ltr'>paragra</span> <span class='ocrx_word' id='word_1_178' title='bbox 491 2964 517 3011; x_wconf 88' lang='lat' dir='ltr'><em>V</em></span> <span class='ocrx_word' id='word_1_179' title='bbox 583 2967 607 3014; x_wconf 86' lang='grc'>6.</span> <span class='ocrx_word' id='word_1_180' title='bbox 631 2962 779 3013; x_wconf 85' lang='lat' dir='ltr'>dactilieus</span> <span class='ocrx_word' id='word_1_181' title='bbox 806 2964 830 3012; x_wconf 91' lang='lat' dir='ltr'><em>V</em></span> <span class='ocrx_word' id='word_1_182' title='bbox 897 2931 1028 3016; x_wconf 55' lang='lat' dir='ltr'>trocheum</span> <span class='ocrx_word' id='word_1_183' title='bbox 1052 2966 1121 3027; x_wconf 87' lang='lat' dir='ltr'>(troc</span> <span class='ocrx_word' id='word_1_184' title='bbox 1145 2970 1171 3015; x_wconf 79' lang='lat' dir='ltr'>a&#39;n</span> 
     </span>
     <span class='ocr_line' id='line_1_30' title="bbox 199 3026 1170 3096; baseline 0.01 -22"><span class='ocrx_word' id='word_1_185' title='bbox 199 3026 267 3089; x_wconf 75' lang='lat' dir='ltr'>aas.)</span> <span class='ocrx_word' id='word_1_186' title='bbox 279 3028 312 3085; x_wconf 86' lang='lat' dir='ltr'>D,</span> <span class='ocrx_word' id='word_1_187' title='bbox 331 3029 472 3078; x_wconf 82' lang='lat' dir='ltr'>trocheum</span> <span class='ocrx_word' id='word_1_188' title='bbox 489 3031 514 3077; x_wconf 93' lang='lat' dir='ltr'><em>V</em></span> <span class='ocrx_word' id='word_1_189' title='bbox 581 3032 605 3080; x_wconf 84' lang='grc'>8.</span> <span class='ocrx_word' id='word_1_190' title='bbox 629 3033 707 3096; x_wconf 77' lang='lat' dir='ltr'>Verp.</span> <span class='ocrx_word' id='word_1_191' title='bbox 720 3031 786 3081; x_wconf 84' lang='lat' dir='ltr'>Aen.</span> <span class='ocrx_word' id='word_1_192' title='bbox 800 3030 825 3088; x_wconf 90' lang='lat' dir='ltr'>I,</span> <span class='ocrx_word' id='word_1_193' title='bbox 838 3034 855 3080; x_wconf 87' lang='lat'><em>2</em></span> <span class='ocrx_word' id='word_1_194' title='bbox 907 3047 995 3084; x_wconf 73' lang='lat' dir='ltr'>sacro</span> <span class='ocrx_word' id='word_1_195' title='bbox 1007 3034 1032 3082; x_wconf 87' lang='lat' dir='ltr'><em>D</em></span> <span class='ocrx_word' id='word_1_196' title='bbox 1044 3041 1103 3084; x_wconf 85' lang='lat' dir='ltr'>ante</span> <span class='ocrx_word' id='word_1_197' title='bbox 1115 3049 1170 3084; x_wconf 88' lang='lat' dir='ltr'>ras.</span> 
     </span>
    </p>

    <p class='ocr_par' dir='ltr' id='par_1_13' title="bbox 200 3091 1174 3566">
     <span class='ocr_line' id='line_1_31' title="bbox 268 3091 1173 3165; baseline 0.013 -25"><span class='ocrx_word' id='word_1_198' title='bbox 268 3091 418 3159; x_wconf 83' lang='lat' dir='ltr'>lauinsque</span> <span class='ocrx_word' id='word_1_199' title='bbox 446 3097 472 3146; x_wconf 96' lang='lat' dir='ltr'><em>V</em></span> <span class='ocrx_word' id='word_1_200' title='bbox 540 3100 579 3147; x_wconf 91' lang='grc'>10.</span> <span class='ocrx_word' id='word_1_201' title='bbox 603 3113 638 3148; x_wconf 78' lang='lat' dir='ltr'>ea</span> <span class='ocrx_word' id='word_1_202' title='bbox 655 3099 735 3148; x_wconf 84' lang='lat' dir='ltr'>Ennii</span> <span class='ocrx_word' id='word_1_203' title='bbox 752 3097 897 3157; x_wconf 83' lang='lat' dir='ltr'>annalibus,</span> <span class='ocrx_word' id='word_1_204' title='bbox 921 3107 948 3148; x_wconf 82' lang='lat' dir='ltr'>ut</span> <span class='ocrx_word' id='word_1_205' title='bbox 965 3103 1066 3152; x_wconf 81' lang='lat' dir='ltr'>videtur</span> <span class='ocrx_word' id='word_1_206' title='bbox 1090 3099 1173 3165; x_wconf 84' lang='lat' dir='ltr'>(apud</span> 
     </span>
     <span class='ocr_line' id='line_1_32' title="bbox 205 3160 1169 3233; baseline 0.011 -25"><span class='ocrx_word' id='word_1_207' title='bbox 205 3160 311 3212; x_wconf 76' lang='lat' dir='ltr'>Vahlen.</span> <span class='ocrx_word' id='word_1_208' title='bbox 330 3175 365 3210; x_wconf 82' lang='lat' dir='ltr'>as.</span> <span class='ocrx_word' id='word_1_209' title='bbox 386 3161 446 3226; x_wconf 66' lang='lat'>174)</span> <span class='ocrx_word' id='word_1_210' title='bbox 518 3165 557 3215; x_wconf 78' lang='lat'>12.</span> <span class='ocrx_word' id='word_1_211' title='bbox 578 3179 639 3214; x_wconf 87' lang='lat' dir='ltr'>xv11</span> <span class='ocrx_word' id='word_1_212' title='bbox 658 3164 1095 3233; x_wconf 71' lang='lat' dir='ltr'>eoat.1atma,aeavsaeturspae</span> <span class='ocrx_word' id='word_1_213' title='bbox 1114 3171 1169 3232; x_wconf 81' lang='lat' dir='ltr'>epi·</span> 
     </span>
     <span class='ocr_line' id='line_1_33' title="bbox 200 3229 1169 3302; baseline 0.01 -26"><span class='ocrx_word' id='word_1_214' title='bbox 200 3234 310 3278; x_wconf 79' lang='lat' dir='ltr'>tornator</span> <span class='ocrx_word' id='word_1_215' title='bbox 331 3231 460 3278; x_wconf 61' lang='lat' dir='ltr'>manusc</span> <span class='ocrx_word' id='word_1_216' title='bbox 482 3229 560 3295; x_wconf 77' lang='lat' dir='ltr'>(conf.</span> <span class='ocrx_word' id='word_1_217' title='bbox 579 3235 636 3284; x_wconf 82' lang='lat' dir='ltr'>init.</span> <span class='ocrx_word' id='word_1_218' title='bbox 655 3234 728 3284; x_wconf 77' lang='lat' dir='ltr'>huius</span> <span class='ocrx_word' id='word_1_219' title='bbox 746 3232 848 3298; x_wconf 81' lang='lat' dir='ltr'>capitia)</span> <span class='ocrx_word' id='word_1_220' title='bbox 920 3238 959 3286; x_wconf 86' lang='grc'>14.</span> <span class='ocrx_word' id='word_1_221' title='bbox 984 3236 1085 3302; x_wconf 85' lang='lat' dir='ltr'>recipit</span> <span class='ocrx_word' id='word_1_222' title='bbox 1103 3243 1169 3287; x_wconf 75' lang='lat' dir='ltr'>cont.</span> 
     </span>
     <span class='ocr_line' id='line_1_34' title="bbox 200 3295 1173 3363; baseline 0.008 -19"><span class='ocrx_word' id='word_1_223' title='bbox 200 3295 298 3345; x_wconf 81' lang='lat' dir='ltr'>Iaknna</span> <span class='ocrx_word' id='word_1_224' title='bbox 367 3311 502 3362; x_wconf 66' lang='lat' dir='ltr'>muraenas</span> <span class='ocrx_word' id='word_1_225' title='bbox 520 3300 545 3347; x_wconf 87' lang='lat' dir='ltr'><em>D</em></span> <span class='ocrx_word' id='word_1_226' title='bbox 615 3301 899 3363; x_wconf 77' lang='lat' dir='ltr'>1⁷.Tttatt.1,1,a</span> <span class='ocrx_word' id='word_1_227' title='bbox 968 3301 1096 3354; x_wconf 72' lang='lat' dir='ltr'>atsttuus</span> <span class='ocrx_word' id='word_1_228' title='bbox 1116 3305 1173 3352; x_wconf 87' lang='lat' dir='ltr'>DV</span> 
     </span>
     <span class='ocr_line' id='line_1_35' title="bbox 203 3363 1103 3430; baseline 0.009 -18"><span class='ocrx_word' id='word_1_229' title='bbox 203 3365 242 3418; x_wconf 87' lang='lat'>18.</span> <span class='ocrx_word' id='word_1_230' title='bbox 266 3363 416 3428; x_wconf 88' lang='lat' dir='ltr'>spondeum</span> <span class='ocrx_word' id='word_1_231' title='bbox 439 3371 588 3430; x_wconf 77' lang='lat' dir='ltr'>anapestus</span> <span class='ocrx_word' id='word_1_232' title='bbox 615 3369 643 3417; x_wconf 91' lang='lat' dir='ltr'><em>V</em></span> <span class='ocrx_word' id='word_1_233' title='bbox 709 3371 749 3419; x_wconf 80' lang='lat'>19.</span> <span class='ocrx_word' id='word_1_234' title='bbox 777 3370 1023 3422; x_wconf 76' lang='lat' dir='ltr'>naachtsrnnanns</span> <span class='ocrx_word' id='word_1_235' title='bbox 1042 3372 1103 3420; x_wconf 83' lang='lat' dir='ltr'>nV</span> 
     </span>
     <span class='ocr_line' id='line_1_36' title="bbox 200 3433 1174 3504; baseline 0.011 -26"><span class='ocrx_word' id='word_1_236' title='bbox 200 3433 244 3480; x_wconf 80' lang='lat'>21.</span> <span class='ocrx_word' id='word_1_237' title='bbox 256 3433 381 3496; x_wconf 87' lang='lat' dir='ltr'>quintum</span> <span class='ocrx_word' id='word_1_238' title='bbox 395 3436 563 3498; x_wconf 79' lang='lat' dir='ltr'>anapaestos</span> <span class='ocrx_word' id='word_1_239' title='bbox 576 3437 636 3484; x_wconf 83' lang='lat' dir='ltr'>add.</span> <span class='ocrx_word' id='word_1_240' title='bbox 650 3435 774 3486; x_wconf 77' lang='lat' dir='ltr'>Cauchius</span> <span class='ocrx_word' id='word_1_241' title='bbox 842 3439 886 3487; x_wconf 78' lang='lat'>22.</span> <span class='ocrx_word' id='word_1_242' title='bbox 902 3437 1129 3504; x_wconf 82' lang='lat' dir='ltr'>bracchisyllabt&#39;r</span> <span class='ocrx_word' id='word_1_243' title='bbox 1146 3440 1174 3489; x_wconf 92' lang='lat' dir='ltr'><em>V</em></span> 
     </span>
     <span class='ocr_line' id='line_1_37' title="bbox 200 3497 970 3566; baseline 0.01 -19"><span class='ocrx_word' id='word_1_244' title='bbox 200 3497 241 3548; x_wconf 79' lang='lat'>23.</span> <span class='ocrx_word' id='word_1_245' title='bbox 261 3499 396 3552; x_wconf 72' lang='lat' dir='ltr'>iambicus</span> <span class='ocrx_word' id='word_1_246' title='bbox 419 3501 443 3550; x_wconf 91' lang='lat' dir='ltr'><em>V</em></span> <span class='ocrx_word' id='word_1_247' title='bbox 511 3501 742 3566; x_wconf 77' lang='lat' dir='ltr'>rt.0aaatt.r,1</span> <span class='ocrx_word' id='word_1_248' title='bbox 812 3519 927 3556; x_wconf 75' lang='lat' dir='ltr'>seranta</span> <span class='ocrx_word' id='word_1_249' title='bbox 946 3507 970 3555; x_wconf 89' lang='lat' dir='ltr'><em>D</em></span> 
     </span>
    </p>
   </div>
   <div class='ocr_carea' id='block_1_6' title="bbox 0 0 1287 3958">
    <p class='ocr_par' dir='ltr' id='par_1_14' title="bbox 0 0 1287 3958">
     <span class='ocr_line' id='line_1_38' title="bbox 0 0 1287 3958; baseline 0 0"><span class='ocrx_word' id='word_1_250' title='bbox 0 0 1287 3958; x_wconf 95' lang='lat' dir='ltr'> </span> 
     </span>
    </p>
   </div>
  </div>
 </body>
</html>
