2560 3958
357 241 406 288 Du
428 241 490 288 utu
512 241 643 291 aarum
666 243 741 290 cAP.
758 246 791 292 X.

90 390 182 441 tonon
204 379 369 460 appellant,
395 379 440 440 vel
455 364 625 442 hoc'minus
646 383 845 452 hemitonion,
867 381 913 442 vel
929 383 1057 445 duorum

89 468 217 526 triumve
246 484 281 525 ac
304 465 444 542 deinceps
472 465 582 542 aliquot
603 472 741 529 tonorum
763 466 958 530 intervallum.
1004 469 1055 529 sed

12 561 14 586 ³
89 568 149 610 non
165 551 313 628 promisce
328 567 416 610 voees
431 567 534 610 omnes
550 568 616 610 cum
634 548 699 610 aliis
719 557 751 610 ut
765 550 837 612 libet
851 553 970 614 iunctae
985 571 1055 612 con-

12 665 13 678 r
90 633 259 694 cordahiles
279 637 414 693 incentu
436 634 567 695 reddunt
582 635 714 696 allectus.
745 641 778 694 ut
798 635 912 696 litterae
927 646 1092 704 nostrast

52 727 70 775 5
89 721 114 778 si
135 720 214 778 inter
234 737 267 778 se
288 719 396 796 passim
418 719 577 797 iungantur
598 727 627 779 et
648 736 708 778 non
724 729 937 795 congruenter,
969 739 1058 801 saepe

87 820 147 862 nec
166 801 264 862 verbis
284 819 339 862 nec
361 801 480 880 syllabis
501 801 674 880 copulandis
695 803 934 874 concordabunt,
962 806 1057 865 sicin

88 887 203 946 musica
229 886 372 964 quaedam
396 896 476 948 certa
503 895 571 947 sunt
593 886 747 948 intervalla
768 906 843 966 quae
868 887 1057 966 symphonias

88 973 204 1048 possint
230 971 357 1032 allicere.
404 980 447 1035 est
475 977 573 1031 autem
599 971 924 1049 symphoniaduarum
951 985 1091 1034 vocums

89 1055 251 1133 disparium
272 1057 351 1116 inter
367 1073 399 1116 se
420 1056 588 1116 iunctarum
604 1055 699 1116 dulcis
715 1065 886 1117 concentus.
917 1057 1056 1136 sy'inpho-

38 1146 71 1194 ιο
89 1140 155 1200 niae
171 1139 318 1217 simplices
340 1157 374 1200 ac
388 1141 504 1219 primae
527 1147 595 1200 sunt
610 1147 685 1210 tres,
709 1140 817 1218 quibus
832 1140 964 1219 reliquae
986 1160 1056 1201 con·

89 1231 182 1294 stant;
203 1241 261 1284 una
279 1224 371 1285 duom
389 1234 528 1285 tonorum
547 1232 576 1294 et
592 1224 746 1286 hemitonii
763 1225 878 1288 hahens
895 1223 1055 1302 htdcmpo,

89 1326 165 1387 quae
192 1313 315 1370 vocatur
339 1306 391 1371 διὰ
416 1307 592 1385 recedens,
632 1308 687 1369 alia
715 1311 805 1370 trium
833 1319 862 1371 et
879 1310 1054 1379 hemitonii,

89 1409 178 1469 quam
193 1400 299 1454 vocant
313 1392 365 1456 διὰ
380 1391 494 1456 πέντε;
518 1394 604 1454 tertia
620 1401 664 1453 est
678 1393 730 1457 διὰ
745 1396 873 1467 nottho,
891 1397 976 1456 cuius
991 1394 1056 1458 διά-

88 1494 189 1554 ετημα
210 1479 340 1537 continet
360 1478 433 1539 duas
453 1479 579 1556 priores,
615 1484 660 1539 est
680 1480 759 1540 enim
780 1477 826 1538 vel
841 1497 892 1539 sex
907 1485 1055 1548 tonorum,
1075 1491 1090 1540 ι

37 1566 69 1614 15
88 1568 121 1622 ut
136 1563 329 1622 Aristoxenus
344 1563 511 1638 musicique
525 1563 713 1631 adseverant,
730 1562 777 1621 vel
792 1564 923 1640 quinque
939 1571 969 1622 et
984 1563 1056 1622 duo·

88 1664 155 1706 rum
186 1646 433 1714 hemitoniorum,
464 1652 496 1704 ut
521 1644 702 1723 Pythagoras
731 1653 974 1725 geometraeque,
1005 1650 1059 1722 qui

88 1730 295 1790 demonstrant
323 1742 362 1788 111
389 1728 548 1789 hemitonia
579 1735 682 1789 tonum
705 1729 846 1806 conplere
877 1747 936 1790 non
958 1746 1055 1806 posse.

89 1831 182 1893 quare
203 1813 289 1874 etiam
312 1813 399 1875 huius
416 1813 497 1874 modi
517 1811 703 1874 intervallum
719 1813 803 1874 Plato
823 1813 942 1874 abusive
963 1814 1056 1874 hemi-

89 1897 208 1967 tonion,
230 1899 353 1976 proprie
368 1906 467 1959 autem
482 1895 648 1974 διάλειμμα
669 1897 806 1977 appellat.
843 1917 923 1960 nunc
938 1916 1009 1960 voro
1025 1905 1057 1958 ut
1074 1908 1091 1957 8

35 1987 72 2035 20
90 1980 201 2061 liquido
217 1987 358 2059 appareat
373 1982 622 2060 quemadmodum
639 2000 725 2044 voces
741 2001 797 2044 nec
808 1983 864 2044 sub
881 1982 984 2044 oculos
999 2001 1056 2045 nec

89 2065 143 2126 snb
160 2073 269 2126 tactum
286 2066 424 2128 cadentes
438 2067 550 2128 habere
564 2068 681 2144 possint
694 2085 866 2138 mensuras,
883 2067 1057 2132 admirabile

87 2149 274 2228 Pythagorae
302 2150 430 2211 reseram
461 2159 676 2220 commentum,
708 2153 759 2229 qui
789 2159 902 2212 secreta
934 2160 1057 2212 naturae

88 2234 233 2295 servando
263 2235 396 2310 repperit
424 2233 593 2314 phthongos
622 2234 804 2295 musicorum
834 2236 992 2294 convenire
1021 2233 1056 2294 ad

89 2319 234 2380 rationem
255 2335 459 2380 numerorum.
496 2337 564 2378 nam
581 2318 709 2378 chordas
729 2335 823 2396 aeque
844 2335 958 2379 crassas
978 2319 1057 2396 pari·

35 2405 72 2456 25
92 2421 150 2482 que
183 2403 365 2481 longitudine
400 2403 524 2464 diversis
556 2401 740 2481 ponderibus
774 2402 913 2476 tetendit,
950 2401 1057 2480 quihus

90 2505 179 2565 saepe
193 2485 287 2564 pulsis
302 2505 358 2548 nec
372 2487 533 2564 phthongis
553 2486 590 2546 ad
611 2484 699 2546 ullam
715 2487 912 2566 symphonian
934 2503 1056 2546 concor·

90 2633 293 2644 ...κ-...-

159 2710 182 2759 1.
206 2705 294 2758 τόνον
317 2709 388 2772 culpo
457 2717 626 2756 semtuouton
651 2703 679 2768 (s
696 2707 723 2754 in
741 2721 810 2767 ros„
833 2721 869 2756 eoo
886 2705 904 2756 h
919 2706 1007 2769 facta,
1030 2713 1058 2754 ut

89 2778 202 2831 videtur:
221 2775 289 2836 eoas.
302 2777 338 2825 ad
347 2790 384 2828 os.
399 2771 661 2838 11.17.18cer.)1)‚
681 2773 847 2823 semitonion
862 2773 889 2821 V
955 2775 980 2825 2.
1000 2787 1057 2823 ant-

91 2841 159 2908 quod
177 2843 202 2892 D
259 2845 284 2892 3.
302 2853 461 2906 promiscae
480 2842 538 2891 DV
590 2843 615 2892 9.
635 2840 807 2906 simphoniae
830 2841 856 2888 V
906 2842 945 2892 11.
959 2839 1011 2890 duo
1024 2841 1056 2897 D,

90 2911 204 2960 duorum
220 2910 248 2958 V
256 2912 326 2972 culpo
395 2909 590 2969 hemtnomtD,
609 2908 749 2960 semitonii
765 2908 813 2958 dV
880 2910 921 2960 12.
938 2907 985 2956 dia
1002 2911 1057 2956 tes-

89 2993 172 3028 saron
194 2976 222 3026 V
275 2976 332 3027 alie
350 2978 403 3037 dV,
422 2992 476 3028 ane
493 2978 518 3027 D
579 2989 739 3029 euemtuouu
757 2976 818 3032 DV,
838 2977 867 3024 et
884 2974 1024 3025 semitonii
1041 2976 1060 3024 d

91 3047 132 3097 13.
150 3045 280 3110 diapente
303 3044 329 3093 V
394 3044 438 3096 dre
457 3059 550 3097 trason
568 3047 605 3106 D,
625 3045 760 3110 diapason
782 3044 806 3092 V
875 3041 1012 3094 diastema
1035 3042 1062 3092 V

91 3115 133 3164 15.
152 3126 344 3163 auesuoxeuus
361 3113 387 3162 D
457 3114 497 3164 16.
517 3113 708 3164 emitoniorum
730 3111 758 3161 V
806 3111 854 3176 qui
871 3111 1041 3162 acnuamo

91 3181 132 3233 li.
152 3195 189 3230 111
206 3184 356 3232 senhuomc
375 3177 399 3242 (s
411 3181 437 3228 in
448 3179 513 3243 ros.)
532 3182 565 3240 D,
584 3183 650 3231 Mem
666 3181 728 3238 siae,
739 3195 793 3233 ras.
816 3180 847 3239 V,
866 3195 892 3229 11
909 3179 1058 3230 semitonia

89 3248 187 3298 Ialraus
205 3263 241 3298 en
258 3250 319 3300 edtt.
338 3247 458 3299 Rostoch.
529 3249 570 3300 18.
588 3259 756 3299 semeromon
776 3243 800 3313 (s
818 3245 921 3309 torar.)
940 3247 974 3305 D,
992 3247 1058 3296 idem

89 3316 144 3365 one
156 3331 210 3369 roe.
227 3317 255 3366 V
320 3317 361 3366 19.
374 3328 509 3380 paopmae
523 3315 548 3364 D
600 3313 746 3378 διάλειμμα
763 3315 870 3376 Ichnae,
889 3313 1059 3364 heaunamma

89 3383 145 3432 DV
212 3386 254 3434 21.
273 3382 402 3434 cadonato
420 3384 446 3432 D
497 3396 592 3448 possen
610 3384 635 3433 D
702 3385 744 3434 23.
763 3379 909 3446 servando]
927 3382 999 3430 immo
1016 3391 1060 3426 re-

90 3450 208 3502 serando
277 3451 418 3518 pohonqos
436 3449 495 3500 DV
557 3452 601 3502 24.
624 3449 725 3501 condas
743 3449 801 3500 DV
866 3449 909 3500 25.
927 3443 1058 3512 ponoena-

88 3531 142 3568 nus
155 3519 180 3568 D
249 3519 289 3568 26.
308 3519 421 3586 chonans
433 3519 468 3581 D,
487 3518 618 3584 pthongis
641 3518 668 3566 V

118 3633 119 3636 ’
140 3633 325 3673 cunsouuwa.
836 3597 857 3660 2
