2560 3958
365 248 412 294 on
435 247 497 294 orn
519 248 649 296 narnnr
671 249 746 297 car.
763 250 862 298 xvnr.
1052 237 1093 302 37

127 404 160 446 re
177 403 244 446 vera
260 386 381 448 dieteris
401 395 494 455 esset:
517 386 596 449 uude
613 389 766 467 mysteria,
790 408 865 468 quae
882 389 990 451 Libero
1004 390 1093 452 alter·

128 471 174 530 nis
203 469 275 532 dunt
304 472 402 541 annis,
440 473 591 533 trieterica
621 491 637 532 a
667 475 762 550 poetis
792 473 940 536 dicuntur.
990 485 1128 554 posteat

127 556 244 632 cognito
272 573 377 617 errore
403 556 461 616 hoc
489 563 605 635 ternpus
637 556 826 635 duplicarunt
852 567 881 618 et
907 561 1094 621 tetraeterida

126 639 275 700 iecerunt:
306 640 358 701 sed
384 659 463 708 earn,
495 640 574 720 quod
601 643 703 720 quinto
729 660 846 721 qnoque
870 641 946 703 anno
968 643 1093 712 redibat,

93 724 329 802 spentaeterida
359 724 561 786 nominabant.
608 727 658 804 qui
686 744 781 786 annus
811 743 936 804 magnus
962 746 997 788 ex
1024 747 1094 806 qua·

127 808 263 869 driennio
279 809 462 870 commodior
477 811 555 871 visus
572 820 616 870 est
631 836 646 872 o
663 833 677 870 r
694 809 763 872 solis
779 828 889 872 annurn
907 820 1042 872 constare
1058 831 1094 872 ex

127 891 231 953 diebus
253 905 388 954 cccuxv
412 901 440 955 et
462 894 520 956 diei
543 901 626 971 parte
649 895 767 956 circiter
790 905 910 976 quarta,
934 913 1008 975 qnae
1030 910 1042 955 1
1062 898 1093 956 in

126 977 350 1056 quadriennium
378 978 455 1039 diem
478 979 649 1040 conficeret.
696 997 788 1057 qnare
814 998 889 1058 agon
913 987 941 1040 et
962 981 991 1040 in
1012 979 1129 1040 ntideo

125 1061 186 1122 Iovi
207 1060 340 1141 Olympio
367 1071 396 1124 et
415 1064 527 1124 Romae
550 1062 713 1142 Capitolino
740 1067 844 1144 quinto
870 1083 988 1144 quoque
1016 1083 1094 1125 anno

75 1161 108 1208 10
127 1145 268 1207 redeunte
285 1146 462 1208 celebratur.
499 1148 555 1208 boc
576 1166 694 1228 quoqne
711 1155 841 1226 tempuS,
864 1149 942 1227 quod
965 1148 1000 1208 ad
1023 1148 1094 1210 solis

126 1225 214 1290 modo
230 1248 349 1292 cursum
365 1249 422 1306 nec
437 1231 473 1292 ad
489 1230 576 1294 lunae
592 1231 758 1310 congruere
773 1232 939 1303 videbatur,
963 1233 1094 1309 duplica-

126 1322 189 1374 tum
205 1321 249 1375 est
264 1320 293 1375 et
308 1317 467 1378 octaeteris
478 1318 564 1387 lacta,
582 1335 658 1396 quae
674 1326 744 1378 tunc
760 1319 945 1378 enneaeteris
958 1319 1093 1385 vocitata,

127 1398 194 1476 quia
210 1400 322 1476 primus
339 1403 402 1464 eius
417 1419 513 1463 annus
530 1419 609 1461 nono
625 1420 743 1482 quoque
764 1420 842 1462 anno
858 1401 982 1462 redibat.
1014 1403 1094 1462 bunc
1112 1409 1128 1458 o

127 1483 284 1543 circuitum
314 1503 383 1546 vere
411 1503 521 1546 annum
543 1503 683 1564 magnum
711 1505 777 1548 esse
807 1486 950 1566 pleraque
971 1486 1094 1547 Graecia

75 1581 107 1628 15
127 1568 318 1638 existimavit,
349 1569 429 1649 quod
451 1588 487 1630 ex
508 1571 593 1629 annis
613 1569 797 1631 vertentibus
817 1571 918 1630 solidis
934 1578 1093 1638 constaret,

126 1659 159 1711 ut
179 1654 303 1730 proprie
326 1654 356 1712 in
378 1671 454 1713 anno
476 1670 583 1730 magno
605 1653 671 1714 lieri
691 1671 746 1730 par
762 1659 814 1714 esi.
851 1671 919 1713 narn
941 1654 1005 1714 dies
1026 1661 1095 1713 suut

126 1741 212 1802 solidi
232 1736 267 1802 ῑΙ
285 1751 500 1818 DCCOOXXII,
525 1737 638 1805 menses
658 1746 750 1805 solidi
770 1762 829 1804 uno
853 1745 950 1803 rninus
966 1752 1093 1812 centurn,

126 1827 256 1905 annique
272 1833 421 1887 vertentes
436 1826 521 1886 solidi
537 1836 613 1887 ocio.
637 1828 714 1889 banc
730 1827 910 1889 octaeterida
926 1826 1014 1906 vulgo
1029 1847 1094 1889 cre-

128 1910 220 1971 ditum
243 1917 288 1971 est
302 1909 339 1972 ab
355 1909 478 1972 Eudoxo
495 1910 598 1972 Cnidio
612 1913 791 1981 institutam,
817 1913 868 1974 sed
885 1911 933 1974 alii
949 1911 1094 1974 Cleostra-

73 1999 107 2048 20
127 2003 188 2056 tum
205 1993 369 2056 Tenedium
384 1996 514 2073 primum
531 1994 630 2057 lerunt
645 1999 837 2076 conposuisse
859 2005 888 2059 et
903 2006 1005 2076 postea
1021 1996 1094 2058 alios

127 2077 227 2147 aliter,
250 2079 301 2156 qui
315 2077 467 2139 mensibus
487 2081 567 2140 varie
586 2081 796 2142 intercalandis
812 2101 879 2143 suas
901 2083 1094 2143 octaeteridas

125 2161 322 2243 protulerunt,
340 2169 372 2223 ut
388 2161 456 2223 lecit
467 2161 621 2241 Harpalus,
638 2162 786 2233 Nauteles,
802 2165 1007 2234 Menestratus,
1023 2167 1093 2224 item

126 2246 188 2316 alii,
215 2249 245 2306 in
266 2247 331 2326 quis
352 2243 524 2316 Dositbeus‚
549 2248 631 2307 ouius
652 2248 780 2308 maxime
802 2250 958 2309 octaeteris
979 2247 1094 2310 Eudoxi

126 2330 306 2392 inscribitur.
343 2330 380 2390 ob
397 2331 455 2391 hoc
475 2333 504 2391 in
521 2332 644 2393 Graecia
660 2330 770 2392 multae
791 2331 950 2410 religiones
970 2332 1027 2392 boc
1048 2334 1128 2395 ἱππ-6

125 2515 328 2524 ..ι-η--μ--ι-

195 2634 217 2688 1.
242 2632 371 2683 boemones
389 2633 428 2695 u,
452 2632 587 2684 diesteres
605 2635 661 2684 dV
728 2635 852 2685 misteria
878 2635 906 2685 V
966 2643 1030 2702 poor
1047 2636 1095 2686 Li·

124 2701 191 2751 bero
209 2703 281 2765 culpo
299 2701 362 2753 add.
379 2668 455 2764 pebri
514 2701 546 2752 3.
565 2701 791 2753 reunaheremba
808 2703 863 2752 DV
929 2705 953 2753 4.
972 2703 1020 2754 seb
1034 2717 1093 2755 eam

124 2767 234 2829 D,sed
253 2767 288 2818 ed
307 2783 368 2818 eom
387 2769 434 2817 dV
501 2769 526 2822 5.
549 2769 725 2833 penteierida
747 2771 775 2820 V
839 2773 1093 2836 concrepuerunt

125 2835 191 2893 DV,
216 2850 287 2900 qnae
309 2849 393 2885 unum
415 2839 487 2900 culpo
556 2836 581 2886 8.
605 2835 684 2886 ebibe
701 2837 739 2899 D,
765 2838 856 2889 aelide
879 2838 907 2887 V
971 2842 997 2889 9.
1016 2839 1092 2889 olim-

125 2903 171 2966 pio
194 2901 221 2950 V
286 2902 420 2968 capitolio
441 2904 467 2953 V
533 2904 575 2953 10.
599 2888 754 2953 aeorici)
823 2907 864 2954 12.
888 2917 1036 2956 oederenrs
1060 2908 1093 2969 D,

125 2973 189 3020 octo
206 2969 275 3019 teris
296 2971 322 3020 V
390 2971 584 3021 aenneeeterie
600 2971 632 3031 V,
652 2971 922 3022 enneeterislabnoa
992 2975 1032 3024 13.
1051 2989 1094 3024 re-

126 3036 258 3088 diebetd
307 3037 361 3087 huo
379 3038 404 3087 D
474 3039 514 3090 14
534 3006 645 3103 graelib
667 3038 700 3101 V,
719 3054 787 3090 corr.
800 3055 831 3088 m.
844 3055 896 3090 ree.
968 3042 1007 3094 16.
1027 3057 1095 3107 pno-

125 3119 205 3169 petae
218 3105 243 3154 D
313 3106 353 3156 17.
373 3119 433 3156 soni
452 3106 491 3162 D;
509 3106 606 3155 dierum
617 3121 743 3156 numerum
761 3113 787 3157 et
804 3121 913 3158 menses
932 3108 1014 3160 solidi
1032 3112 1093 3162 add.

125 3173 242 3238 Scallper
310 3173 392 3224 minis
415 3172 443 3222 V
458 3172 566 3236 (scilicet
583 3173 636 3224 soli
655 3173 702 3223 diu
719 3175 836 3225 nominis
859 3175 887 3224 V
889 3174 907 3237 ¹,
926 3179 992 3228 unde
1010 3177 1094 3227 solidi

124 3239 359 3358 3221322
375 3239 490 3358 initii
506 3320 542 3357 a
560 3242 602 3357 ll·
618 3240 695 3359 litt
710 3242 1092 3360 cn.¹..'1..nnu⁶d⁸ffi

282 3344 287 3356 ·
480 3344 486 3370 r
593 3345 599 3371 r

125 3376 166 3428 20.
184 3375 255 3426 elius
277 3373 303 3423 V
369 3377 412 3426 21.
431 3388 531 3426 uentae
549 3375 575 3424 D
643 3375 844 3428 ocooerembes
861 3377 918 3425 DV
982 3379 1023 3427 22.
1046 3391 1093 3426 en·

125 3456 213 3506 penus
238 3442 276 3498 D,
311 3457 379 3494 corr.
410 3444 430 3492 d
497 3457 631 3494 nannents
657 3444 713 3494 DV
778 3447 820 3498 23.
848 3456 1033 3493 ocroaerente
1059 3444 1093 3500 I),

126 3510 262 3560 oeeeterie
279 3508 310 3570 V,
323 3525 394 3561 corr.
407 3513 426 3560 d
477 3512 519 3561 24.
533 3510 685 3577 religiones
696 3528 727 3565 m.
740 3527 793 3562 ree.
806 3513 832 3560 io
848 3510 880 3571 V,
895 3523 1027 3575 necrones
1040 3510 1098 3561 DV
