2560 3958
221 195 264 262 60
465 211 672 260 rnnounurr
696 211 771 260 one.
787 212 833 260 1v.
850 213 882 260 v.
901 213 945 260 vr.

285 349 409 411 Multum
429 356 530 412 tumen
550 351 657 421 refert,
690 352 773 412 ouius
793 369 929 431 quaeque
949 349 1052 412 steliee
1073 351 1191 424 domus,
1271 367 1272 416 ξ

171 448 203 496 10
222 434 334 496 eliense
350 453 386 496 an
402 437 495 514 ipsius
511 437 556 496 sit.
587 435 693 498 domus
708 435 779 496 solis
793 436 855 505 leo,
872 435 959 496 tunde
974 453 1095 506 rancor,
1112 437 1191 498 Mer·
1271 427 1272 444 ¹

222 521 286 580 ouri
311 521 394 598 virgo
421 526 449 580 et
473 520 597 598 gemini,
633 521 756 580 Veneris
782 519 858 580 libre
884 527 913 582 et
938 527 1053 590 taurus,
1090 521 1193 582 Martis

221 605 339 682 scorpio
365 610 393 664 et
414 606 507 675 eries,
537 603 612 665 loris
633 607 802 684 sagittarius
824 613 853 666 et
867 605 971 682 pistis,
1001 605 1122 666 Saturni
1143 623 1192 667 εε-

222 689 379 767 pricornus
403 697 432 750 et
453 690 600 767 aquarius.
644 689 797 750 nocturnis
818 689 982 768 originibus
1001 689 1101 750 invent
1120 690 1225 752 lunen

222 773 300 833 Mars
316 775 429 842 Venus,
446 773 514 852 plus
529 773 576 834 die
591 783 715 852 possunt
728 772 773 835 sol
788 773 934 834 Saturnus
949 771 1095 852 iuppiter,
1113 775 1191 836 Mer-

222 859 321 918 curius
335 858 416 918 varie
432 865 462 918 et
476 855 625 936 quomodo
640 859 790 918 consensit
805 867 854 919 out
871 860 948 920 visus
963 867 1017 918 est.
1271 857 1272 870 ¹

188 1057 207 1114 4
329 1082 332 1088 ·
607 1059 657 1108 DE
677 1057 806 1110 ruunt.

200 1251 203 1256 .
286 1191 378 1253 Terra
392 1193 488 1255 media
504 1195 635 1254 omnium
650 1211 753 1256 rerum
768 1202 823 1264 est,
839 1195 934 1255 forma
951 1193 1081 1272 globoso.
1106 1198 1192 1274 aquis
1271 1231 1272 1260 r

223 1277 364 1354 cingitur,
385 1279 417 1337 in
432 1295 501 1338 aera
515 1279 678 1358 prominet,
700 1280 809 1356 exeipit
824 1278 947 1344 coelum.
993 1296 1088 1358 oquae
1108 1281 1191 1345 omni
1210 1290 1239 1338 10

222 1359 268 1420 vel
294 1365 376 1423 ueris
400 1365 543 1440 temperie
570 1371 713 1442 quantum
739 1363 888 1433 adficitur,
919 1365 958 1424 ito
986 1379 1192 1444 Quocumque
1271 1419 1272 1434 p

221 1447 348 1506 sustinet
362 1445 452 1506 efficit
466 1454 497 1507 et
510 1454 616 1507 movet.
904 1509 906 1512 .
1271 1461 1272 1506 3

188 1543 204 1590 2
286 1529 405 1592 Poterat
429 1531 519 1592 tinem
545 1530 620 1592 liber
639 1529 744 1609 plenus
772 1531 908 1593 omnibus
929 1532 1105 1594 necessariis
1128 1534 1191 1594 iam
1271 1521 1272 1596 i

223 1614 315 1675 videri
337 1623 527 1676 consecutus:
552 1615 604 1677 sed
621 1633 688 1676 oum
703 1622 733 1676 et
748 1613 851 1676 mundi
866 1616 1065 1678 dimensiones
1081 1625 1110 1677 et
1123 1615 1190 1696 plu·
1271 1637 1272 1640 ¹

222 1700 298 1760 rime
320 1707 475 1778 praeterea
497 1701 528 1760 iu
546 1701 691 1761 universis
705 1700 797 1761 rebus
811 1702 886 1762 retio
902 1703 1080 1778 geometrico
1093 1699 1189 1779 inpie·
1209 1712 1241 1760 15

222 1785 312 1854 verit,
329 1801 423 1862 pauoa
439 1784 476 1844 de
491 1785 624 1846 numeris
639 1787 846 1864 mensurisque
861 1785 1001 1847 dicemur.

190 1982 208 2038 5
546 1985 596 2034 DE
617 1983 863 2038 uuouuruicn.

287 2117 474 2179 Geometrioa
495 2128 541 2180 est
561 2121 680 2182 scientia
703 2121 855 2198 digerendi
872 2121 982 2200 figuras
1004 2119 1191 2201 [enumeros

224 2202 382 2264 emetiendi
404 2221 472 2264 cum
488 2206 550 2265 suis
564 2203 805 2268 resolutionibus.
841 2223 983 2267 numerus
1005 2212 1050 2266 εεῑ
1063 2223 1190 2284 congre·
1271 2219 1272 2278 i

223 2289 301 2365 gotio
317 2285 502 2364 singulorum
517 2289 598 2348 finita
614 2305 733 2368 semper
746 2299 776 2350 et
789 2291 900 2351 infinite
915 2289 1045 2370 nutura}
1209 2301 1243 2348 20
1271 2293 1272 2372 i

1271 2395 1272 2436 r

190 2487 209 2545 6
597 2491 648 2542 DE
666 2487 817 2545 uotiuis,

286 2623 360 2684 Nota
387 2633 433 2686 est
452 2625 535 2685 ouius
561 2642 632 2703 pars
653 2624 732 2687 nulia
759 2634 818 2696 est,
848 2625 925 2688 linea
952 2625 1105 2705 longitudo
1124 2629 1190 2689 sine

223 2705 391 2777 latitudine,
419 2707 514 2769 lineae
534 2708 608 2769 sines
626 2717 724 2770 notae.
769 2718 851 2772 recta
874 2709 952 2772 linea
978 2718 1023 2772 est
1042 2729 1119 2791 quae
1140 2729 1190 2774 su·
1271 2761 1272 2796 r

292 2877 315 2925 l.
339 2889 443 2926 orente
462 2875 529 2938 DV,
557 2875 640 2926 stella
661 2879 733 2942 rotgo
801 2880 825 2928 2.
849 2879 945 2929 aliena
971 2880 997 2930 V
1064 2891 1191 2931 meseum
1271 2921 1272 2934 i

220 2943 247 2992 D
261 2941 288 2992 V
290 2940 307 3000 ¹,
326 2925 455 2994 mercurii
476 2945 501 2993 V
516 2960 547 2997 m.
566 2960 618 2998 reo.
686 2946 966 3008 4.10eue1),i0uid
1032 2949 1126 3012 pisces
1148 2949 1176 2998 V
1271 2937 1272 2988 3

222 3011 246 3058 6.
269 3011 372 3074 iupiter
397 3013 422 3062 V
489 3013 514 3064 7.
537 3013 685 3063 nantuel)
754 3014 794 3063 10.
816 3014 846 3062 in
869 3029 935 3064 uere
957 3014 982 3064 V
1051 3017 1090 3064 11.
1115 3017 1190 3066 ueris

221 3078 281 3126 add.
300 3076 398 3128 Iadnue
464 3079 618 3144 temperies
639 3081 665 3130 V
668 3079 685 3140 ¹,
704 3095 772 3130 corr.
790 3083 848 3131 m.2
916 3095 990 3146 trnq.
1008 3093 1095 3147 eumq.
1114 3083 1140 3132 D

223 3145 262 3194 14.
280 3140 371 3193 urdene·
388 3142 410 3206 (i
426 3145 528 3210 iuras.)
546 3147 572 3195 D
643 3149 682 3196 16.
702 3147 817 3198 didimus
840 3148 865 3197 V
933 3149 973 3200 17.
992 3161 1190 3216 peomornteoe

221 3212 259 3274 D,
284 3213 438 3277 geometria
460 3212 486 3261 V
553 3213 594 3264 18.
618 3213 756 3280 dirigendi
773 3219 846 3282 vulgo
915 3220 944 3267 et
961 3231 1089 3267 numeros
1106 3221 1190 3284 vulpe.

223 3277 399 3330 arithmetica
416 3295 490 3332 num.
513 3283 577 3331 coni.
595 3281 694 3332 Iahnius
763 3285 811 3333 tn,
824 3283 867 3332 sui
889 3284 915 3334 V
981 3285 1023 3336 20.
1043 3289 1072 3334 ot
1088 3299 1137 3336 ono
1155 3287 1190 3344 D,

221 3347 314 3397 addd
374 3351 476 3397 nature
494 3346 528 3396 de
547 3348 644 3398 formis
661 3353 728 3399 nata
745 3353 949 3402 continuooereu
965 3352 992 3401 V
1057 3351 1098 3402 22.
1117 3367 1191 3404 nore
1271 3387 1272 3398 t

222 3413 249 3475 (o
260 3416 288 3464 in
299 3413 365 3480 rar.)
380 3416 414 3474 D,
427 3418 497 3464 noto
511 3415 539 3464 V
603 3417 645 3468 23.
659 3429 759 3468 ninere
772 3432 806 3467 ac
820 3430 892 3469 rtnts
905 3417 967 3482 DV,
981 3433 1050 3470 eurr.
1065 3419 1191 3471 Omoediuo
1271 3421 1272 3424 ’

222 3487 247 3530 et
264 3482 361 3532 Iadnus
429 3485 505 3548 recto
526 3483 552 3532 V
785 3494 788 3504 ·
