2560 3958
351 251 398 297 uu
421 249 482 296 one
505 249 637 295 ueram
661 247 735 296 cae.
753 249 838 298 xvn.
1035 235 1077 300 35

108 390 185 470 quod
213 397 331 468 tempus
357 387 461 466 procul
490 387 579 448 dubio
601 387 728 448 naturali
754 389 847 454 maius
875 396 918 448 est
945 389 1072 450 saeculo.

109 475 186 553 quod
207 477 232 535 si
249 476 314 552 quis
331 473 426 534 credit
440 473 517 533 ludis
532 471 734 534 saecularibus
755 473 870 534 saecula
888 497 921 542 e,
943 473 1006 534 sola
1022 492 1075 535 no·
1095 488 1127 538 13

107 561 193 619 minis
209 559 323 635 origine
339 557 486 628 inductus,
503 559 576 617 sciat
590 556 759 618 saeculares
775 559 832 617 dici
847 559 978 636 potuisse
995 557 1074 638 quod

106 641 281 721 plerumque
297 641 388 703 semel
411 643 482 702 liant
497 642 624 702 hominis
641 649 751 710 aetate,
775 648 806 701 nt
821 642 914 701 multa
929 643 984 703 alia
1000 661 1076 720 quae

75 733 175 786 orara
197 734 267 787 sunt
288 735 354 805 post
376 725 527 788 saeculum
550 727 667 787 evenire
688 725 870 804 loquentium
893 728 1076 788 consuetudo

107 818 239 888 usurpat.

171 895 229 957 Sed
250 897 344 956 nostri
365 898 509 964 maiorer,
531 895 610 974 quod
632 903 736 955 natura
759 893 909 955 saeculum
933 903 1074 974 quantum

108 989 185 1042 esset
206 978 388 1060 exploratum
411 997 470 1039 non
492 977 654 1048 habebant,
680 978 762 1038 civile
784 980 819 1038 ad
837 987 950 1040 certum
973 981 1075 1040 modu—

106 1065 166 1126 lum
183 1082 328 1126 annorum
346 1070 463 1124 centurn
481 1070 655 1124 statuerunt.
688 1065 771 1124 testis
788 1069 832 1124 est
846 1064 929 1132 Piso,
946 1066 976 1124 in
993 1064 1075 1124 cuius

57 1155 89 1205 10
108 1148 204 1209 annali
224 1151 349 1227 septimo
364 1149 507 1226 scriptum
529 1155 572 1206 est
594 1148 649 1206 sic:
674 1147 783 1208 Roma
806 1147 956 1208 condita
978 1165 1075 1208 anno

106 1246 152 1293 Dc
172 1235 369 1310 septimum
392 1232 580 1292 saeculum
609 1233 751 1310 occipit
772 1232 829 1292 his
852 1231 1076 1294 consulibus

107 1319 170 1397 qui
205 1319 368 1395 proximi
403 1325 487 1378 sunt
525 1315 718 1386 consuleS,
758 1317 796 1377 M.
826 1317 1001 1387 Aemilius
1035 1317 1072 1377 M.

109 1399 212 1461 lilius
241 1401 422 1478 Lepidus,
461 1403 495 1463 G.
527 1399 697 1479 Popilius
720 1415 746 1462 11
776 1399 923 1462 absens.
963 1401 1021 1462 'sed
1043 1409 1076 1462 ut

107 1485 185 1546 hunc
206 1504 350 1546 annorum
368 1503 526 1546 numerum
548 1488 763 1547 constituerent
783 1487 891 1555 nostri,
921 1503 981 1546 non
1002 1484 1075 1547 nihil

56 1575 87 1626 15
108 1587 212 1631 causae
229 1569 297 1640 luit,
321 1573 447 1648 primum
464 1569 542 1648 quod
558 1569 667 1629 multos
683 1587 804 1629 suorum
822 1571 927 1630 civium
944 1569 1076 1630 adhunc
1128 1634 1132 1657 ῃ

107 1661 232 1715 aetatem
247 1654 413 1732 perducere
429 1652 577 1722 videbant,
594 1653 662 1713 dein
679 1653 758 1729 quod
774 1653 927 1722 Etruscos,
946 1670 1074 1732 quorum
1131 1652 1146 1690 γ’

106 1739 201 1815 prima
224 1736 340 1798 saecula
363 1746 520 1798 centenum
536 1733 656 1798 luerunt
678 1753 842 1807 annorum,
866 1738 953 1798 etiam
974 1737 1021 1796 hic
1043 1743 1075 1796 ut

105 1823 134 1880 in
153 1821 216 1882 aliis
228 1821 402 1900 plerumque
417 1822 525 1882 imitari
540 1821 704 1882 voluerunt.
729 1819 883 1900 praeterea
899 1823 965 1883 lieri
977 1827 1074 1899 potest
1093 1831 1125 1882 14

12 1935 14 1940 v
106 1907 183 1984 quod
206 1905 297 1968 refert
319 1906 426 1975 Varro,
459 1905 538 1985 quod
559 1907 747 1968 Dioscorides
773 1906 939 1983 astrologus
960 1905 1072 1975 scribit,

54 1997 87 2045 20
106 1988 299 2052 Alexandriae
321 1992 397 2052 inter
420 2009 470 2050 eos
486 1993 535 2068 qui
550 2001 684 2052 mortuos
699 1989 806 2051 saliunt
822 2000 957 2052 constare
979 1991 1073 2051 homi·

106 2093 174 2134 nem
195 2075 263 2152 plus
279 2083 511 2146 centumannos
526 2076 624 2136 vivere
640 2094 700 2135 non
717 2092 818 2151 posse,
844 2077 934 2152 idque
951 2094 1003 2136 cor
1019 2075 1073 2135 ho·

105 2160 220 2218 minum
243 2156 395 2219 declarare
422 2175 525 2218 eorum
546 2161 597 2236 qui
618 2161 726 2236 integri
746 2159 900 2235 perierunt
921 2163 984 2219 sine
1007 2176 1072 2218 cor·

106 2244 188 2320 poris
208 2241 292 2311 tabe;
315 2243 382 2304 ideo
405 2241 485 2322 quod
501 2242 599 2304 multis
620 2244 704 2302 annis
726 2241 883 2319 pendendo
905 2260 957 2302 cor
978 2243 1075 2302 omnis

107 2329 208 2388 aetatis
229 2329 409 2389 incrementa
432 2336 461 2388 et
482 2327 697 2388 deminutiones
716 2326 916 2387 conseruere:
941 2334 970 2388 et
991 2328 1074 2386 anni·

53 2419 86 2467 25
107 2411 165 2472 culi
184 2412 315 2490 pendere
338 2412 410 2473 duas
433 2411 584 2486 dragmae,
606 2410 679 2471 birni
694 2417 849 2490 quattuor,
872 2419 900 2472 et
915 2412 957 2470 sic
976 2411 1006 2470 in
1023 2429 1074 2470 an·

107 2514 162 2556 nos
184 2493 315 2572 singulos
337 2514 430 2574 usque
457 2496 493 2554 ad
515 2495 722 2574 quinquaginta
744 2495 886 2555 accedere
908 2494 1007 2564 binas;
1037 2493 1074 2555 ab

108 2641 310 2652 ..-.—.-—.—

174 2719 198 2766 2.
218 2716 292 2766 cludi
309 2721 369 2765 ante
381 2713 453 2764 ludis
471 2715 532 2763 add.
546 2713 730 2770 Lachmannus,
750 2713 872 2763 discerni
887 2722 947 2777 poet
960 2715 1074 2764 saecula

107 2785 199 2834 Uerrio
270 2786 292 2835 i.
322 2782 450 2832 naturale
473 2784 544 2845 culpo
611 2787 673 2845 poet
695 2781 835 2832 saeculum
853 2783 916 2831 DV
927 2778 970 2831 'esc
990 2799 1017 2845 p.
1039 2784 1081 2830 34.

105 2847 140 2901 ds.
155 2853 190 2900 25
208 2852 268 2900 edd.
282 2865 412 2914 ccxnnrr,
429 2850 471 2898 irie
487 2849 565 2914 ipitur
582 2855 652 2898 recte
671 2864 728 2912 1111,
747 2864 798 2898 non
811 2864 846 2896 111
916 2849 940 2899 8.
960 2859 1074 2897 clunem

104 2920 138 2981 D,
160 2917 242 2967 ciuile
264 2919 288 2968 V
357 2920 396 2970 11.
419 2915 673 2980 ·d·sepuunoDV,
693 2915 958 2968 commemorans
1028 2929 1074 2964 ac·

105 3000 177 3050 ctptn
196 2985 258 3048 DV,
278 3001 346 3037 corr.
360 2985 477 3048 Seuliper
496 2984 595 3048 (coipit
612 2985 677 3033 coni.
690 2982 858 3032 Mommsenue
871 2982 989 3035 coronet.
1002 2981 1073 3033 Rene.

103 3071 131 3118 p.
143 3052 202 3118 191)
275 3055 314 3102 12.
335 3065 447 3102 emimus
465 3051 489 3100 D
559 3049 768 3113 u·r·laepidus
791 3051 817 3100 V
834 3049 873 3112 (u.
895 3065 919 3099 a.
940 3048 1039 3113 eeneii.)

106 3121 186 3171 sedut
203 3122 236 3183 V,
255 3119 441 3170 seditmutanit
460 3122 516 3167 lm.
588 3117 627 3167 15.
647 3115 719 3166 lianc
738 3118 794 3167 DV
862 3119 901 3169 16.
920 3117 1074 3183 producere

105 3193 177 3253 culpo
249 3188 287 3238 17.
306 3183 349 3253 ut]
371 3192 399 3236 et
420 3185 445 3235 V
514 3185 686 3236 ieiunare
709 3185 735 3233 V
801 3191 949 3249 praeterea
968 3185 1074 3236 adferri

106 3259 170 3306 oeni.
185 3256 362 3306 Laelmonmm
416 3255 455 3303 19.
470 3251 596 3316 quodque
609 3252 786 3302 Dioscorides
798 3257 870 3318 culpo
923 3253 1033 3316 scripsit
1050 3252 1078 3301 V

106 3327 148 3374 20.
169 3339 215 3373 eos
235 3339 304 3388 quae
327 3323 352 3372 V
403 3320 509 3370 saliunt
521 3319 706 3377 Lochnzannue,
727 3335 831 3370 senene
849 3321 905 3370 DV
972 3321 1013 3368 21.
1033 3318 1073 3366 id·
1179 3316 1182 3321 '

107 3405 159 3454 qne
184 3407 229 3440 cor
247 3391 387 3441 hominum
405 3389 596 3448 Lachmannm,
620 3385 725 3436 tbctnco
743 3387 889 3437 humanum
909 3387 963 3437 DV
1030 3387 1072 3433 23.

107 3456 233 3522 pependo
256 3459 281 3508 V
341 3460 388 3507 nt.
409 3452 588 3506 cousenueNT
607 3451 654 3516 (ur
670 3455 785 3517 fortasse
804 3471 819 3504 a
835 3471 877 3518 pr.
896 3454 929 3516 m)
948 3453 985 3514 D,
1009 3465 1072 3500 eon-

106 3529 219 3574 aerueut
241 3526 272 3587 V,
292 3527 441 3577 observent
451 3525 529 3588 'cztlpo
598 3524 640 3572 26.
661 3523 861 3586 quinquaginta
884 3522 909 3570 V
925 3522 950 3569 in
968 3535 1021 3568 rae.

825 3601 908 3664 3*‘
