2560 3958
421 227 628 276 rnoouuurr
649 226 725 276 cor.
741 227 788 277 rx.
1046 213 1090 279 63

120 369 242 430 inndssa
260 369 422 430 interiores
443 365 567 446 angulos
581 369 713 430 minores
729 366 845 430 duobus
865 368 954 430 rectis
976 369 1087 442 lecerit,

121 453 336 515 eiectaslineas
352 469 542 514 concurrere.

185 537 217 598 Si
237 536 356 615 paribus
377 539 458 617 paria
481 535 593 597 adiecta
615 536 740 608 inerint,
766 540 866 598 omnia
886 539 966 615 paria
986 545 1123 608 eronus

121 628 151 684 et
172 624 196 682 si
211 621 333 700 paribus
348 623 431 701 paria
446 622 574 701 dempta.
612 628 641 682 et
657 639 731 700 quae
746 622 839 684 isdem
856 625 939 702 paria
955 629 1036 694 sunt,
1060 630 1088 684 et

86 713 102 762 5
121 706 199 767 inter
214 725 246 767 se
262 706 343 785 paria
358 715 435 768 sunt.

497 909 547 959 nro
565 907 712 976 nursrcn.
1084 905 1123 962 Χ9

183 1041 270 1104 Prior
293 1051 337 1106 est
357 1047 470 1106 musica
490 1045 661 1106 inventione
681 1043 812 1105 metrica.
851 1061 920 1105 cum
936 1045 995 1106 sint
1009 1045 1087 1105 enim

69 1133 101 1184 10
120 1129 314 1208 antiquissimi
339 1136 496 1208 poetarum
516 1129 664 1189 Homerus
683 1129 828 1189 Hesiodus
849 1127 1006 1198 Pisander,
1033 1129 1088 1190 hos

120 1214 213 1275 secuti
238 1211 370 1291 elegiarii
385 1212 515 1274 Gallicus
529 1213 723 1274 Mimnermus
738 1212 873 1285 Euenus,
896 1231 964 1274 mox
985 1214 1087 1274 Archi·

118 1296 224 1358 lochus
252 1305 281 1357 et
301 1296 467 1358 Simonides
487 1298 655 1358 trimetrum
677 1297 854 1365 iambicum,
882 1298 1018 1359 chorium
1040 1317 1087 1360 oa-

118 1379 288 1443 taleotioum
315 1388 508 1442 tetrametron
530 1383 756 1460 conposuerint,
783 1381 978 1444 Archilochus
1000 1385 1124 1444 etiams

120 1474 264 1528 commata
288 1465 422 1528 versibus
448 1467 621 1545 adplicando
646 1468 768 1528 variavit
789 1467 892 1546 epodis
914 1485 968 1546 per
994 1467 1087 1545 pluri-

68 1555 100 1605 15
119 1567 182 1612 mas
203 1552 332 1628 species,
369 1553 462 1612 secuit
484 1550 605 1611 Alcman
633 1567 773 1611 numeros
794 1549 903 1611 †etiam
930 1553 1037 1612 minuit
1057 1553 1088 1612 in

118 1651 249 1696 carmen.
289 1636 358 1695 hinc
381 1636 498 1714 poetice
518 1634 631 1695 melite.
668 1641 698 1694 at
717 1633 852 1694 Telesilla
875 1636 962 1695 etiam
983 1635 1088 1712 Argiva

117 1720 294 1780 minutiores
314 1718 405 1779 edidit
418 1736 569 1779 numeros.
602 1734 678 1795 quae
693 1719 809 1796 species
824 1735 891 1778 cum
914 1720 971 1778 iam
988 1718 1088 1796 displi-

117 1809 201 1864 ceret
227 1810 256 1864 et
276 1804 392 1880 integra
414 1801 532 1864 brevior
555 1802 717 1873 rideretur,
749 1803 949 1881 magnitudine
968 1803 1088 1864 Pindari

11 1907 13 1912 ·
118 1887 234 1949 adserta
251 1894 309 1956 est,
332 1889 383 1965 qui
398 1887 509 1948 liberos
524 1892 614 1953 etiam
630 1905 771 1949 numeros
787 1888 882 1950 modis
897 1887 997 1950 edidit.
1033 1888 1088 1949 hos

66 1979 100 2027 20
117 1974 210 2033 secuti
225 1972 330 2033 musici
345 1973 519 2034 Timotheus
534 1982 564 2034 et
578 1973 715 2053 Polyidos
730 1979 760 2034 et
776 1972 939 2052 Hyperides
955 1981 984 2034 et
1000 1971 1087 2052 Phyl-

117 2056 153 2117 lis
169 2065 199 2118 et
213 2056 394 2118 clarissimus
414 2075 481 2118 oum
497 2059 601 2136 peritia
617 2067 681 2119 tum
702 2057 869 2135 eloquentia
884 2059 1085 2118 Aristoxenus.

118 2141 260 2202 modulati
274 2143 411 2219 protinus
427 2148 541 2202 cantus.
572 2159 627 2202 neo
642 2149 741 2203 tamen
758 2139 817 2202 ion
832 2159 893 2202 non
909 2151 995 2219 putes
1010 2143 1085 2202 anti·
1104 2146 1125 2194 3

120 2225 239 2304 quiores
260 2233 365 2287 cantus
387 2243 453 2287 esse
474 2227 620 2294 numeris,
643 2227 695 2287 sed
717 2227 845 2287 rusticos
860 2233 890 2286 et
910 2224 1083 2294 inconditos,
1118 2273 1119 2276 ,

188 2431 210 2478 1.
231 2427 298 2479 duos
318 2441 411 2478 neoris
430 2441 518 2492 pones
538 2441 653 2478 neceam
671 2427 733 2492 DV,
753 2443 821 2479 corr.
840 2426 997 2483 Neruesiae·
1019 2429 1088 2491 conf.

117 2502 201 2546 tomen
215 2497 326 2548 Gromat.
342 2513 372 2561 p.
387 2498 495 2553 379,13
561 2497 587 2548 4.
607 2510 660 2560 que
682 2497 710 2546 V
776 2495 879 2546 eisdem
897 2499 978 2560 oartpo,
998 2494 1088 2546 eidem

118 2566 184 2616 coni.
201 2564 298 2614 Induere
368 2565 408 2614 10.
432 2561 594 2628 Terpander
615 2566 680 2614 coni.
700 2563 825 2614 Cauchius
894 2565 933 2615 11.
952 2575 1087 2628 qnatenus

119 2642 261 2682 minesuus
280 2645 418 2682 euuecrus
436 2629 493 2680 DV
541 2629 723 2695 archiloglius
739 2632 767 2680 V
832 2633 873 2681 12.
891 2632 1088 2682 nemorosumD

119 2701 160 2750 13.
180 2697 333 2764 conposite?
353 2701 379 2749 V
447 2697 624 2749 machinosum
644 2699 702 2748 DV
766 2700 807 2748 14.
825 2697 1038 2750 commoraDV

119 2766 214 2832 epodis
234 2767 263 2816 θ.
284 2767 458 2824 Hermotimus,
482 2780 627 2832 euporius
647 2763 693 2832 (aa
710 2769 737 2817 in
754 2765 819 2830 ras.)
839 2769 872 2830 D,
898 2783 932 2818 eo
950 2767 1042 2832 potius
1064 2768 1092 2816 V

119 2835 160 2885 15.
180 2847 307 2884 eccouau
324 2834 381 2883 DV
429 2835 614 2894 numerosi),
633 2849 702 2886 corr.
723 2837 747 2892 d,
766 2835 942 2886 numertisV
993 2839 1020 2884 et
1036 2833 1086 2881 im-

117 2901 220 2950 minuit
232 2915 344 2951 carmen
361 2902 426 2952 coni.
439 2903 617 2952 herimannas
628 2910 733 2952 auctore
747 2903 894 2952 [lemanno
963 2901 1004 2950 16.
1024 2913 1088 2964 poe·

118 2983 199 3018 ricae
216 2965 274 3018 DV
339 2981 460 3020 menecea
481 2983 584 3019 eunuc:
602 2983 669 3018 rnna
688 2970 725 3030 D,
744 2968 853 3034 melice-
873 2965 1032 3018 scandilia
1054 2969 1085 3029 V,

117 3052 186 3090 corr.
201 3035 293 3087 Carrio
362 3039 461 3104 argina
477 3039 503 3087 V
569 3037 609 3087 18.
628 3037 765 3086 diceretur
781 3036 808 3085 V
874 3039 914 3090 19.
933 3049 1037 3090 atsere*
1053 3035 1087 3096 Ι),

118 3105 204 3156 libros
223 3105 282 3169 dV,
302 3119 370 3156 corr.
393 3106 567 3156 hartmannus
636 3104 736 3154 indidit
758 3107 823 3156 coni.
842 3105 1020 3157 Lachmannus

117 3175 215 3224 omnino
234 3175 266 3223 de
284 3188 319 3223 oe.
333 3176 436 3224 13-19
454 3175 521 3237 conf.
543 3171 720 3222 &Hermonem
739 3176 800 3237 epit.
818 3175 901 3227 doctr.
918 3179 989 3224 metr.
1009 3175 1089 3235 §5⁷1

117 3241 159 3292 20.
178 3239 308 3302 Polyidus
327 3241 456 3307 Scoliper,
474 3239 578 3305 pondos
598 3239 654 3289 DV
703 3240 809 3305 Phyllis
828 3243 967 3304 Mauritius,
988 3253 1086 3291 nornis

118 3308 185 3365 DV,·
203 3310 268 3358 ulios
284 3311 394 3360 virorum
412 3311 543 3359 doctorum
560 3309 720 3358 coniecturas
738 3309 770 3360 de
788 3309 827 3360 his
843 3313 992 3370 musicorum
1009 3309 1086 3357 nomi·

118 3375 190 3424 nibus
201 3377 257 3425 cide
269 3379 341 3439 opud
351 3376 458 3426 latinum
509 3377 550 3424 21.
564 3376 667 3439 peritia.
684 3377 708 3425 V
718 3379 744 3426 in
756 3393 809 3431 ras.
861 3379 902 3426 22.
916 3380 1047 3441 protenus
1063 3373 1091 3421 V

187 3457 222 3492 on
235 3458 289 3494 non
306 3445 339 3507 V,
358 3457 431 3494 nnuc
445 3444 477 3504 D,
497 3457 589 3493 onnon
602 3445 627 3508 d,
646 3459 700 3495 non
713 3447 798 3496 eodem
810 3444 930 3507 Manutii,
947 3443 1016 3508 quod
1025 3454 1087 3505 pro-

118 3509 161 3560 bat
175 3510 316 3562 Urtiehoius
372 3513 413 3564 23.
429 3524 550 3561 susrtcrs
564 3511 620 3561 DV
674 3513 825 3564 inconditis
841 3512 868 3561 V
871 3510 889 3576 ¹,
906 3525 975 3563 corr.
988 3525 1018 3560 m.
1031 3523 1089 3559 rec·
