2560 3958
419 198 627 246 erroneum
649 197 724 248 ose.
742 199 798 246 xv.
1054 185 1095 250 73

123 339 240 400 Rursus
262 357 276 398 a
300 345 484 416 pentametro
506 344 538 398 ut
559 355 724 417 conponam
747 338 897 409 heroicos,
921 357 1005 399 sunro
1027 356 1095 416 par·

123 433 184 484 tem
201 423 412 500 posteriorem,
829 419 831 424 ’
1024 425 1027 429 ’

13 479 14 572 l
278 507 353 568 Dum
370 523 455 568 meus
470 505 590 567 adsiduo
606 504 703 568 luceat
717 508 786 586 igne
802 507 899 578 locus,

125 599 154 654 et
169 609 322 670 conpone,

91 681 107 730 5
233 676 344 736 lirrosat
359 676 427 751 igne
443 674 527 736 loeus
542 674 649 736 Troiae
665 676 715 752 qui
730 676 843 753 primus
858 675 894 736 ab
912 676 981 736 oris.

128 759 317 821 Phalaecium
334 777 506 828 nnmerum,
523 761 572 837 qui
588 767 632 819 ost

328 842 400 906 ntus
414 843 533 903 llumino
549 843 673 904 vallibus
689 850 871 914 tumescunt,

60 979 69 1002 ,
124 929 243 990 insertis
259 927 357 989 verbio
373 928 447 989 iaoio
462 928 630 996 heroicum,

231 1012 304 1074 Altis
318 1011 439 1073 llnmina
455 1012 570 1090 prodita
587 1011 710 1073 vallibus
726 1012 794 1073 inde
810 1019 986 1073 tumescunt.

74 1105 106 1154 10
124 1098 242 1159 lonicus
258 1105 302 1158 est

277 1181 433 1242 Metuentis
448 1188 571 1259 patruae
587 1181 710 1242 verbera
726 1181 858 1259 linguae:

124 1267 249 1327 adiciam
266 1267 351 1328 trinis
367 1265 464 1328 verbis
479 1263 610 1344 singulas
625 1265 765 1346 syllabas,

174 1351 259 1411 Nunc
274 1352 433 1411 metuentis
449 1358 667 1429 nunopatruae
683 1368 762 1410 nuno
778 1349 901 1411 verbera
918 1350 1045 1430 linguae.

124 1443 206 1496 retro
492 1439 495 1446 '

73 1528 104 1575 15
279 1519 390 1580 ltaliam
407 1520 466 1580 loto
483 1519 627 1598 prologus
642 1519 819 1598 Laviniaque
836 1521 930 1590 venit,

124 1606 172 1664 oui
188 1612 233 1664 est
246 1603 341 1664 simile

278 1687 405 1748 Patriam
421 1695 482 1748 tum
499 1689 644 1766 prologus
655 1687 824 1766 Lavinaque
839 1688 925 1766 oepit.

123 1771 350 1850 Aristophanius
365 1772 396 1832 lrt
412 1771 547 1832 heroico:

188 1859 275 1918 Arma
291 1858 445 1936 virumque
463 1874 536 1917 cano
552 1855 658 1918 Troiae
675 1857 723 1935 qni
739 1857 853 1935 primus
869 1856 905 1916 ab
922 1857 997 1927 oris,

73 1950 107 1998 1ο
191 1939 277 2001 Nune
299 1959 380 2002 arma
403 1942 558 2020 virumque
581 1959 654 2002 cano
677 1960 758 2004 naono
778 1941 885 2003 Troiae
912 1942 961 2020 qui
982 1941 1097 2020 primus

597 2025 633 2086 ab
650 2027 812 2086 orisnuno.

125 2107 299 2187 Angelioum
313 2108 422 2188 syllaba
438 2107 568 2169 breviata
581 2110 734 2170 heroicum
753 2128 817 2170 esse
831 2112 1005 2179 monstravi3
1024 2112 1094 2170 ilem

124 2193 300 2273 Priapeum,
317 2196 342 2254 si
358 2193 499 2273 syllabam
517 2193 678 2273 subripias,
695 2193 759 2254 lieri
775 2193 939 2254 heroicum.
999 2258 1004 2269 ¹

125 2353 327 2363 ——----...-

194 2449 217 2496 1.
237 2445 271 2496 ab
288 2459 493 2512 penromernoe
512 2447 569 2496 DV
634 2445 896 2508 3.lttorr.1,1,o
965 2444 1096 2496 abstemie

124 2515 180 2563 DV
247 2517 271 2565 ὁ.
297 2517 393 2566 rnoise
417 2515 455 2576 (oi
477 2518 503 2563 in
520 2512 588 2578 ras.)
612 2514 636 2563 D
705 2515 729 2565 6.
754 2512 915 2577 phanectum
942 2513 978 2575 D,
1006 2513 1095 2562 saleu-

124 2581 192 2630 tium
221 2582 247 2631 V
314 2583 336 2632 7.
366 2594 516 2631 onrrsstms
540 2593 669 2630 onomius
691 2582 747 2631 DV
773 2577 858 2643 (recte
880 2587 962 2630 autem
989 2587 1096 2646 uterque

125 2647 205 2713 os.9)
277 2651 316 2698 11.
340 2650 408 2700 Hor.
429 2666 505 2700 carm.
530 2649 593 2709 III,
614 2651 692 2711 12,2
763 2650 802 2697 12.
825 2655 884 2712 post
907 2648 1026 2698 adiciam
1050 2651 1095 2698 de-

124 2717 186 2766 sinit
203 2717 228 2765 D
249 2717 296 2780 fol.
314 2716 380 2767 262³
398 2724 468 2769 extr.
492 2715 602 2780 (constat
620 2718 706 2768 coelem
723 2733 759 2767 eae
776 2715 907 2766 XXXIV
921 2719 1094 2783 quaternioni·

125 2784 184 2840 huss
202 2786 249 2834 sed
266 2785 337 2835 buius
355 2787 434 2835 ultimi
452 2787 625 2852 quaternionis
643 2787 695 2835 trio
711 2791 807 2834 tantum
822 2785 888 2848 solia
905 2792 1009 2834 servato
1026 2783 1095 2847 stent)

194 2853 282 2902 trinas
306 2853 333 2901 V
392 2853 509 2917 singulis
531 2853 559 2902 V
625 2855 837 2904 teruennenses
859 2853 883 2900 V
954 2853 993 2901 15.
1017 2853 1095 2916 Very.

125 2919 192 2968 Aen.
212 2919 237 2982 I,
255 2922 272 2968 2
324 2919 473 2984 lauinoque
495 2921 520 2970 V
538 2919 617 2984 (conf.
632 2937 659 2983 p.
675 2921 714 2976 68,
732 2917 760 2982 8)
832 2919 871 2969 17.
890 2918 1010 2981 vinaque
1029 2921 1095 2967 coni.

126 2985 235 3045 Iobnus,
258 3001 398 3052 regnoque
418 2987 542 3038 Dmlstius
611 2999 708 3049 coepto
732 2986 792 3043 DV,
815 2999 883 3035 corr.
905 2985 1028 3035 Christtus

124 3055 167 3104 20.
187 3069 261 3104 nune
277 3062 337 3118 post
354 3056 455 3105 Troiae
474 3055 620 3105 additurus
638 3054 721 3104 lobno
740 3061 766 3103 et
784 3053 894 3104 Christro
918 3059 977 3103 ante
995 3053 1096 3104 Troiae

121 3124 210 3186 posuit
233 3123 348 3172 Halmius
417 3125 458 3172 21.
488 3137 560 3172 nune
582 3121 683 3172 delebat
705 3121 803 3171 labeus
872 3123 912 3170 22.
939 3121 1096 3187 oogelieum

125 3188 235 3253 syllaba
258 3191 285 3240 V
299 3192 324 3239 in
342 3204 395 3239 ros.
467 3189 535 3239 itam
559 3189 590 3246 V,
609 3204 677 3240 eorr.
697 3192 712 3238 1
730 3206 760 3238 m.

492 3359 728 3368 ——u——n
