<?xml version="1.0" encoding="UTF-8"?>
<!DOCTYPE html PUBLIC "-//W3C//DTD XHTML 1.0 Transitional//EN"
    "http://www.w3.org/TR/xhtml1/DTD/xhtml1-transitional.dtd">
<html xmlns="http://www.w3.org/1999/xhtml" xml:lang="en" lang="en">
 <head>
  <title>
</title>
<meta http-equiv="Content-Type" content="text/html;charset=utf-8" />
  <meta name='ocr-system' content='tesseract 3.04.00' />
  <meta name='ocr-capabilities' content='ocr_page ocr_carea ocr_par ocr_line ocrx_word'/>
</head>
<body>
  <div class='ocr_page' id='page_1' title='image "./censorinidedien00censgoog_0010.png"; bbox 0 0 2560 3958; ppageno 0'>
   <div class='ocr_carea' id='block_1_1' title="bbox 397 1015 848 1101">
    <p class='ocr_par' dir='ltr' id='par_1_1' title="bbox 397 1015 848 1101">
     <span class='ocr_line' id='line_1_1' title="bbox 397 1015 848 1101; baseline 0.002 -2"><span class='ocrx_word' id='word_1_1' title='bbox 397 1015 848 1101; x_wconf 78' lang='lat' dir='ltr'><strong>PRAEFATIO.</strong></span> 
     </span>
    </p>
   </div>
   <div class='ocr_carea' id='block_1_2' title="bbox 548 1229 700 1245">
    <p class='ocr_par' dir='ltr' id='par_1_2' title="bbox 548 1229 700 1245">
     <span class='ocr_line' id='line_1_2' title="bbox 548 1229 700 1245; baseline 0 -1"><span class='ocrx_word' id='word_1_2' title='bbox 548 1229 700 1245; x_wconf 58' lang='grc' dir='ltr'>ΡΑΝΙΙΙΙΙΙΙ</span> 
     </span>
    </p>
   </div>
   <div class='ocr_carea' id='block_1_3' title="bbox 138 1405 1110 1948">
    <p class='ocr_par' dir='ltr' id='par_1_3' title="bbox 138 1405 1110 1948">
     <span class='ocr_line' id='line_1_3' title="bbox 203 1405 1109 1510; baseline -0.003 -22"><span class='ocrx_word' id='word_1_3' title='bbox 203 1405 380 1488; x_wconf 82' lang='lat' dir='ltr'>(lensorini</span> <span class='ocrx_word' id='word_1_4' title='bbox 406 1420 663 1505; x_wconf 84' lang='lat' dir='ltr'>recognoscendi</span> <span class='ocrx_word' id='word_1_5' title='bbox 691 1429 728 1486; x_wconf 91' lang='lat' dir='ltr'>ut</span> <span class='ocrx_word' id='word_1_6' title='bbox 758 1421 929 1506; x_wconf 84' lang='lat' dir='ltr'>consilium</span> <span class='ocrx_word' id='word_1_7' title='bbox 960 1442 1109 1510; x_wconf 81' lang='lat' dir='ltr'><strong>caperem</strong></span> 
     </span>
     <span class='ocr_line' id='line_1_4' title="bbox 138 1529 1108 1616; baseline -0.001 -20"><span class='ocrx_word' id='word_1_8' title='bbox 138 1533 264 1608; x_wconf 87' lang='lat' dir='ltr'>factum</span> <span class='ocrx_word' id='word_1_9' title='bbox 286 1539 337 1595; x_wconf 87' lang='lat' dir='ltr'>est</span> <span class='ocrx_word' id='word_1_10' title='bbox 358 1530 495 1594; x_wconf 75' lang='lat' dir='ltr'>Oanom</span> <span class='ocrx_word' id='word_1_11' title='bbox 517 1529 654 1594; x_wconf 75' lang='lat' dir='ltr'>Hannrr</span> <span class='ocrx_word' id='word_1_12' title='bbox 675 1529 850 1614; x_wconf 89' lang='lat' dir='ltr'>beneficio,</span> <span class='ocrx_word' id='word_1_13' title='bbox 875 1532 931 1616; x_wconf 94' lang='lat' dir='ltr'>qui</span> <span class='ocrx_word' id='word_1_14' title='bbox 953 1540 1028 1596; x_wconf 87' lang='lat' dir='ltr'>ante</span> <span class='ocrx_word' id='word_1_15' title='bbox 1049 1532 1108 1598; x_wconf 90' lang='lat' dir='ltr'>hos</span> 
     </span>
     <span class='ocr_line' id='line_1_5' title="bbox 139 1637 1108 1726; baseline 0.001 -22"><span class='ocrx_word' id='word_1_16' title='bbox 139 1649 294 1726; x_wconf 89' lang='lat' dir='ltr'>quattuor</span> <span class='ocrx_word' id='word_1_17' title='bbox 316 1659 430 1720; x_wconf 85' lang='lat' dir='ltr'>annos,</span> <span class='ocrx_word' id='word_1_18' title='bbox 454 1659 528 1704; x_wconf 89' lang='lat' dir='ltr'>cum</span> <span class='ocrx_word' id='word_1_19' title='bbox 548 1637 705 1703; x_wconf 87' lang='lat' dir='ltr'>Misniam</span> <span class='ocrx_word' id='word_1_20' title='bbox 727 1641 958 1704; x_wconf 85' lang='lat' dir='ltr'>convenissent</span> <span class='ocrx_word' id='word_1_21' title='bbox 972 1638 1108 1705; x_wconf 76' lang='lat' dir='ltr'>Germa-</span> 
     </span>
     <span class='ocr_line' id='line_1_6' title="bbox 138 1745 1110 1835; baseline 0.001 -22"><span class='ocrx_word' id='word_1_22' title='bbox 138 1751 213 1814; x_wconf 88' lang='lat' dir='ltr'>niae</span> <span class='ocrx_word' id='word_1_23' title='bbox 247 1747 312 1814; x_wconf 89' lang='lat' dir='ltr'>viri</span> <span class='ocrx_word' id='word_1_24' title='bbox 345 1745 518 1835; x_wconf 85' lang='lat' dir='ltr'>philologi,</span> <span class='ocrx_word' id='word_1_25' title='bbox 552 1746 673 1813; x_wconf 91' lang='lat' dir='ltr'>obtulit</span> <span class='ocrx_word' id='word_1_26' title='bbox 703 1747 783 1813; x_wconf 90' lang='lat' dir='ltr'>mihi</span> <span class='ocrx_word' id='word_1_27' title='bbox 812 1771 908 1813; x_wconf 92' lang='lat' dir='ltr'>suum</span> <span class='ocrx_word' id='word_1_28' title='bbox 937 1747 1110 1815; x_wconf 81' lang='lat' dir='ltr'>Censorini</span> 
     </span>
     <span class='ocr_line' id='line_1_7' title="bbox 140 1856 1109 1948; baseline -0.002 -24"><span class='ocrx_word' id='word_1_29' title='bbox 140 1857 343 1948; x_wconf 83' lang='lat' dir='ltr'>exemplum,</span> <span class='ocrx_word' id='word_1_30' title='bbox 377 1858 412 1922; x_wconf 91' lang='lat' dir='ltr'>in</span> <span class='ocrx_word' id='word_1_31' title='bbox 440 1877 503 1943; x_wconf 94' lang='lat' dir='ltr'>quo</span> <span class='ocrx_word' id='word_1_32' title='bbox 526 1856 655 1923; x_wconf 85' lang='lat' dir='ltr'>variam</span> <span class='ocrx_word' id='word_1_33' title='bbox 683 1857 803 1924; x_wconf 90' lang='lat' dir='ltr'>codicis</span> <span class='ocrx_word' id='word_1_34' title='bbox 825 1858 1109 1924; x_wconf 88' lang='lat' dir='ltr'>Darmstadiensis</span> 
     </span>
    </p>
   </div>
   <div class='ocr_carea' id='block_1_4' title="bbox 135 1966 1114 3476">
    <p class='ocr_par' dir='ltr' id='par_1_4' title="bbox 135 1966 1114 3476">
     <span class='ocr_line' id='line_1_8' title="bbox 141 1966 1110 2055; baseline 0.001 -23"><span class='ocrx_word' id='word_1_35' title='bbox 141 1969 339 2055; x_wconf 82' lang='lat' dir='ltr'>scripturam</span> <span class='ocrx_word' id='word_1_36' title='bbox 356 1966 608 2052; x_wconf 84' lang='lat' dir='ltr'>diligentissime</span> <span class='ocrx_word' id='word_1_37' title='bbox 622 1967 852 2035; x_wconf 80' lang='lat' dir='ltr'>adnotaverat.</span> <span class='ocrx_word' id='word_1_38' title='bbox 888 1968 1050 2055; x_wconf 85' lang='lat' dir='ltr'>Namque,</span> <span class='ocrx_word' id='word_1_39' title='bbox 1073 1977 1110 2034; x_wconf 87' lang='lat' dir='ltr'>ut</span> 
     </span>
     <span class='ocr_line' id='line_1_9' title="bbox 140 2077 1108 2162; baseline 0.001 -21"><span class='ocrx_word' id='word_1_40' title='bbox 140 2077 209 2142; x_wconf 86' lang='lat' dir='ltr'>fere</span> <span class='ocrx_word' id='word_1_41' title='bbox 224 2077 272 2159; x_wconf 85' lang='lat' dir='ltr'>fit,</span> <span class='ocrx_word' id='word_1_42' title='bbox 289 2086 463 2162; x_wconf 78' lang='lat' dir='ltr'>postquam</span> <span class='ocrx_word' id='word_1_43' title='bbox 478 2077 609 2144; x_wconf 84' lang='lat' dir='ltr'>Ottonis</span> <span class='ocrx_word' id='word_1_44' title='bbox 625 2077 720 2142; x_wconf 88' lang='lat' dir='ltr'>Iahni</span> <span class='ocrx_word' id='word_1_45' title='bbox 736 2101 816 2144; x_wconf 86' lang='lat' dir='ltr'>cura</span> <span class='ocrx_word' id='word_1_46' title='bbox 831 2078 1000 2144; x_wconf 79' lang='lat' dir='ltr'>Censorini</span> <span class='ocrx_word' id='word_1_47' title='bbox 1014 2078 1108 2159; x_wconf 86' lang='lat' dir='ltr'>liber,</span> 
     </span>
     <span class='ocr_line' id='line_1_10' title="bbox 140 2185 1109 2277; baseline 0.001 -26"><span class='ocrx_word' id='word_1_48' title='bbox 140 2187 239 2270; x_wconf 85' lang='lat' dir='ltr'>vulgo</span> <span class='ocrx_word' id='word_1_49' title='bbox 251 2186 393 2272; x_wconf 85' lang='lat' dir='ltr'>pessime</span> <span class='ocrx_word' id='word_1_50' title='bbox 409 2185 529 2267; x_wconf 89' lang='lat' dir='ltr'>editus,</span> <span class='ocrx_word' id='word_1_51' title='bbox 545 2186 665 2277; x_wconf 80' lang='lat' dir='ltr'>mirum</span> <span class='ocrx_word' id='word_1_52' title='bbox 680 2195 801 2273; x_wconf 86' lang='lat' dir='ltr'>quanto</span> <span class='ocrx_word' id='word_1_53' title='bbox 818 2187 1020 2252; x_wconf 80' lang='lat' dir='ltr'>emendatior</span> <span class='ocrx_word' id='word_1_54' title='bbox 1035 2209 1109 2272; x_wconf 90' lang='lat' dir='ltr'>pro-</span> 
     </span>
     <span class='ocr_line' id='line_1_11' title="bbox 141 2295 1109 2379; baseline -0.001 -18"><span class='ocrx_word' id='word_1_55' title='bbox 141 2295 202 2361; x_wconf 86' lang='lat' dir='ltr'>diit</span> <span class='ocrx_word' id='word_1_56' title='bbox 224 2317 267 2360; x_wconf 81' lang='lat' dir='ltr'>ex</span> <span class='ocrx_word' id='word_1_57' title='bbox 288 2295 457 2362; x_wconf 86' lang='lat' dir='ltr'>codicibus</span> <span class='ocrx_word' id='word_1_58' title='bbox 472 2295 740 2361; x_wconf 86' lang='lat' dir='ltr'>Darmstadiensi</span> <span class='ocrx_word' id='word_1_59' title='bbox 755 2306 788 2361; x_wconf 90' lang='lat' dir='ltr'>et</span> <span class='ocrx_word' id='word_1_60' title='bbox 802 2295 976 2379; x_wconf 86' lang='lat' dir='ltr'>Vaticano,</span> <span class='ocrx_word' id='word_1_61' title='bbox 999 2305 1109 2360; x_wconf 87' lang='lat' dir='ltr'>tamen</span> 
     </span>
     <span class='ocr_line' id='line_1_12' title="bbox 142 2404 1108 2490; baseline 0.001 -22"><span class='ocrx_word' id='word_1_62' title='bbox 142 2405 221 2468; x_wconf 85' lang='lat' dir='ltr'>satis</span> <span class='ocrx_word' id='word_1_63' title='bbox 234 2404 345 2490; x_wconf 90' lang='lat' dir='ltr'>ampla</span> <span class='ocrx_word' id='word_1_64' title='bbox 355 2405 468 2470; x_wconf 89' lang='lat' dir='ltr'>variae</span> <span class='ocrx_word' id='word_1_65' title='bbox 480 2405 663 2490; x_wconf 85' lang='lat' dir='ltr'>scripturae</span> <span class='ocrx_word' id='word_1_66' title='bbox 675 2405 769 2490; x_wconf 89' lang='lat' dir='ltr'>copia</span> <span class='ocrx_word' id='word_1_67' title='bbox 784 2406 904 2470; x_wconf 86' lang='lat' dir='ltr'>omissa</span> <span class='ocrx_word' id='word_1_68' title='bbox 919 2414 998 2488; x_wconf 83' lang='lat' dir='ltr'>erat,</span> <span class='ocrx_word' id='word_1_69' title='bbox 1015 2405 1108 2469; x_wconf 91' lang='lat' dir='ltr'>cuius</span> 
     </span>
     <span class='ocr_line' id='line_1_13' title="bbox 142 2511 1109 2597; baseline 0.001 -20"><span class='ocrx_word' id='word_1_70' title='bbox 142 2514 171 2577; x_wconf 88' lang='lat' dir='ltr'>si</span> <span class='ocrx_word' id='word_1_71' title='bbox 193 2513 279 2580; x_wconf 91' lang='lat' dir='ltr'>ratio</span> <span class='ocrx_word' id='word_1_72' title='bbox 302 2511 488 2593; x_wconf 88' lang='lat' dir='ltr'>haberetur,</span> <span class='ocrx_word' id='word_1_73' title='bbox 511 2514 631 2577; x_wconf 91' lang='lat' dir='ltr'>multos</span> <span class='ocrx_word' id='word_1_74' title='bbox 654 2511 743 2580; x_wconf 89' lang='lat' dir='ltr'>locos</span> <span class='ocrx_word' id='word_1_75' title='bbox 767 2513 875 2578; x_wconf 88' lang='lat' dir='ltr'>adhuc</span> <span class='ocrx_word' id='word_1_76' title='bbox 897 2513 1004 2597; x_wconf 84' lang='lat' dir='ltr'>minus</span> <span class='ocrx_word' id='word_1_77' title='bbox 1020 2523 1109 2580; x_wconf 88' lang='lat' dir='ltr'>reete</span> 
     </span>
     <span class='ocr_line' id='line_1_14' title="bbox 141 2621 1108 2709; baseline 0.001 -22"><span class='ocrx_word' id='word_1_78' title='bbox 141 2622 247 2688; x_wconf 87' lang='lat' dir='ltr'>editos</span> <span class='ocrx_word' id='word_1_79' title='bbox 277 2621 396 2706; x_wconf 78' lang='lat' dir='ltr'>corrigi</span> <span class='ocrx_word' id='word_1_80' title='bbox 424 2642 520 2708; x_wconf 87' lang='lat' dir='ltr'>posse</span> <span class='ocrx_word' id='word_1_81' title='bbox 548 2621 861 2690; x_wconf 84' lang='lat' dir='ltr'>videratHalmius.</span> <span class='ocrx_word' id='word_1_82' title='bbox 905 2623 1021 2709; x_wconf 92' lang='lat' dir='ltr'>Itaque</span> <span class='ocrx_word' id='word_1_83' title='bbox 1048 2644 1108 2708; x_wconf 87' lang='lat' dir='ltr'>ego</span> 
     </span>
     <span class='ocr_line' id='line_1_15' title="bbox 142 2731 1110 2819; baseline -0.003 -21"><span class='ocrx_word' id='word_1_84' title='bbox 142 2734 261 2800; x_wconf 89' lang='lat' dir='ltr'>summi</span> <span class='ocrx_word' id='word_1_85' title='bbox 283 2733 347 2798; x_wconf 87' lang='lat' dir='ltr'>viri</span> <span class='ocrx_word' id='word_1_86' title='bbox 370 2733 560 2799; x_wconf 85' lang='lat' dir='ltr'>auctoritati</span> <span class='ocrx_word' id='word_1_87' title='bbox 582 2732 723 2799; x_wconf 89' lang='lat' dir='ltr'>libenter</span> <span class='ocrx_word' id='word_1_88' title='bbox 745 2733 974 2819; x_wconf 90' lang='lat' dir='ltr'>obtemperans</span> <span class='ocrx_word' id='word_1_89' title='bbox 990 2731 1110 2796; x_wconf 82' lang='lat' dir='ltr'>Censo-</span> 
     </span>
     <span class='ocr_line' id='line_1_16' title="bbox 135 2840 1108 2937; baseline -0.001 -31"><span class='ocrx_word' id='word_1_90' title='bbox 135 2843 204 2937; x_wconf 81' lang='lat' dir='ltr'>rini</span> <span class='ocrx_word' id='word_1_91' title='bbox 225 2841 345 2909; x_wconf 90' lang='lat' dir='ltr'>librum</span> <span class='ocrx_word' id='word_1_92' title='bbox 366 2842 414 2907; x_wconf 92' lang='lat' dir='ltr'>ita</span> <span class='ocrx_word' id='word_1_93' title='bbox 435 2864 607 2908; x_wconf 85' lang='lat' dir='ltr'>recensere</span> <span class='ocrx_word' id='word_1_94' title='bbox 627 2842 768 2924; x_wconf 85' lang='lat' dir='ltr'>institui,</span> <span class='ocrx_word' id='word_1_95' title='bbox 790 2850 837 2923; x_wconf 88' lang='lat' dir='ltr'>ut,</span> <span class='ocrx_word' id='word_1_96' title='bbox 861 2849 1017 2928; x_wconf 90' lang='lat' dir='ltr'>quantum</span> <span class='ocrx_word' id='word_1_97' title='bbox 1037 2840 1108 2906; x_wconf 90' lang='lat' dir='ltr'>fieri</span> 
     </span>
     <span class='ocr_line' id='line_1_17' title="bbox 141 2951 1109 3038; baseline -0.001 -23"><span class='ocrx_word' id='word_1_98' title='bbox 141 2962 263 3036; x_wconf 84' lang='lat' dir='ltr'>posset,</span> <span class='ocrx_word' id='word_1_99' title='bbox 286 2953 393 3038; x_wconf 90' lang='lat' dir='ltr'>ipsam</span> <span class='ocrx_word' id='word_1_100' title='bbox 408 2952 578 3038; x_wconf 91' lang='lat' dir='ltr'>antiquam</span> <span class='ocrx_word' id='word_1_101' title='bbox 593 2951 717 3018; x_wconf 88' lang='lat' dir='ltr'>codicis</span> <span class='ocrx_word' id='word_1_102' title='bbox 733 2951 1014 3016; x_wconf 89' lang='lat' dir='ltr'>Darmstadiensis</span> <span class='ocrx_word' id='word_1_103' title='bbox 1031 2951 1109 3015; x_wconf 87' lang='lat' dir='ltr'>scri-</span> 
     </span>
     <span class='ocr_line' id='line_1_18' title="bbox 141 3059 1109 3148; baseline -0.002 -23"><span class='ocrx_word' id='word_1_104' title='bbox 141 3069 283 3146; x_wconf 86' lang='lat' dir='ltr'>pturam,</span> <span class='ocrx_word' id='word_1_105' title='bbox 305 3083 372 3128; x_wconf 93' lang='lat' dir='ltr'>non</span> <span class='ocrx_word' id='word_1_106' title='bbox 387 3061 600 3130; x_wconf 86' lang='lat' dir='ltr'>recentiorem</span> <span class='ocrx_word' id='word_1_107' title='bbox 621 3059 711 3126; x_wconf 89' lang='lat' dir='ltr'>illam</span> <span class='ocrx_word' id='word_1_108' title='bbox 727 3083 825 3148; x_wconf 91' lang='lat' dir='ltr'>quam</span> <span class='ocrx_word' id='word_1_109' title='bbox 845 3059 913 3126; x_wconf 89' lang='lat' dir='ltr'>alia</span> <span class='ocrx_word' id='word_1_110' title='bbox 934 3083 1051 3126; x_wconf 86' lang='lat' dir='ltr'>manus</span> <span class='ocrx_word' id='word_1_111' title='bbox 1073 3061 1109 3126; x_wconf 91' lang='lat' dir='ltr'>in</span> 
     </span>
     <span class='ocr_line' id='line_1_19' title="bbox 143 3169 1109 3257; baseline -0.001 -22"><span class='ocrx_word' id='word_1_112' title='bbox 143 3171 280 3257; x_wconf 85' lang='lat' dir='ltr'>eundem</span> <span class='ocrx_word' id='word_1_113' title='bbox 306 3169 428 3237; x_wconf 90' lang='lat' dir='ltr'>librum</span> <span class='ocrx_word' id='word_1_114' title='bbox 455 3172 579 3256; x_wconf 85' lang='lat' dir='ltr'>passim</span> <span class='ocrx_word' id='word_1_115' title='bbox 605 3170 734 3255; x_wconf 86' lang='lat' dir='ltr'>intulit,</span> <span class='ocrx_word' id='word_1_116' title='bbox 770 3183 937 3257; x_wconf 81' lang='lat' dir='ltr'>tamquam</span> <span class='ocrx_word' id='word_1_117' title='bbox 958 3169 1109 3236; x_wconf 88' lang='lat' dir='ltr'>certissi-</span> 
     </span>
     <span class='ocr_line' id='line_1_20' title="bbox 142 3279 1114 3366; baseline -0.004 -22"><span class='ocrx_word' id='word_1_118' title='bbox 142 3302 228 3346; x_wconf 91' lang='lat' dir='ltr'>mam</span> <span class='ocrx_word' id='word_1_119' title='bbox 243 3281 360 3346; x_wconf 87' lang='lat' dir='ltr'>ducem</span> <span class='ocrx_word' id='word_1_120' title='bbox 382 3301 545 3366; x_wconf 90' lang='lat' dir='ltr'>sequerer.</span> <span class='ocrx_word' id='word_1_121' title='bbox 583 3279 690 3362; x_wconf 75' lang='lat' dir='ltr'>Quam</span> <span class='ocrx_word' id='word_1_122' title='bbox 711 3280 871 3346; x_wconf 91' lang='lat' dir='ltr'>rationem</span> <span class='ocrx_word' id='word_1_123' title='bbox 893 3281 940 3346; x_wconf 90' lang='lat' dir='ltr'>ita</span> <span class='ocrx_word' id='word_1_124' title='bbox 954 3279 1114 3346; x_wconf 88' lang='lat' dir='ltr'>facillime-</span> 
     </span>
     <span class='ocr_line' id='line_1_21' title="bbox 144 3388 1114 3476; baseline -0.005 -22"><span class='ocrx_word' id='word_1_125' title='bbox 144 3391 293 3457; x_wconf 89' lang='lat' dir='ltr'>omnibus</span> <span class='ocrx_word' id='word_1_126' title='bbox 316 3390 492 3476; x_wconf 90' lang='lat' dir='ltr'>probatum</span> <span class='ocrx_word' id='word_1_127' title='bbox 513 3389 556 3454; x_wconf 88' lang='lat' dir='ltr'>iri</span> <span class='ocrx_word' id='word_1_128' title='bbox 578 3390 825 3474; x_wconf 86' lang='lat' dir='ltr'>existimabam,</span> <span class='ocrx_word' id='word_1_129' title='bbox 849 3389 877 3456; x_wconf 89' lang='lat' dir='ltr'>si</span> <span class='ocrx_word' id='word_1_130' title='bbox 899 3397 933 3454; x_wconf 91' lang='lat' dir='ltr'>et</span> <span class='ocrx_word' id='word_1_131' title='bbox 956 3388 1114 3473; x_wconf 89' lang='lat' dir='ltr'>antiquae</span> 
     </span>
    </p>
   </div>
   <div class='ocr_carea' id='block_1_5' title="bbox 0 0 1286 3958">
    <p class='ocr_par' dir='ltr' id='par_1_5' title="bbox 0 0 1286 3958">
     <span class='ocr_line' id='line_1_22' title="bbox 0 0 1286 3958; baseline 0 0"><span class='ocrx_word' id='word_1_132' title='bbox 0 0 1286 3958; x_wconf 95' lang='lat' dir='ltr'> </span> 
     </span>
    </p>
   </div>
  </div>
 </body>
</html>
