2560 3958
366 196 414 242 ns
436 195 498 242 nm
520 195 653 242 ueram
676 195 749 242 cnr.
767 195 840 243 xiv.
1044 181 1087 246 25

120 340 152 398 in
167 355 225 416 quo
239 339 292 415 qui
308 341 416 404 essent,
433 351 519 395 senes
535 331 705 413 appellatos,
722 335 802 414 quod
817 353 849 395 ea
867 343 963 396 aetate
977 351 1086 412 corpus

120 424 180 482 iam
194 421 276 483 senio
292 419 449 482 laboraret.
485 419 682 496 Hippocrates
697 419 828 480 medicus
843 421 873 480 in
889 427 1003 499 septem
1019 437 1086 497 gra·
1105 435 1121 484 3

122 507 177 567 dus
197 513 307 566 aetates
328 503 485 565 distribuit.
530 504 619 564 tinem
643 505 757 583 primae
778 505 890 581 putavit
912 522 976 566 esse
997 506 1088 583 septi·

122 607 205 650 mum
221 606 348 661 annum,
366 587 512 648 secundae
528 587 839 666 quartumdecimum,
856 591 960 649 tertiae
976 589 1087 650 duode-

86 685 102 734 5
120 675 339 742 tricensimum,
366 680 488 750 quartae
503 673 706 733 tricensimum
722 673 872 750 quintum,
894 674 1013 750 quintae
1028 673 1087 734 duo

122 766 153 819 et
182 757 474 835 quadragensimum,
508 758 934 835 sextaequinqoagensimum
961 764 1086 825 sextum,

122 843 266 920 septimae
280 842 470 901 novissimum
486 858 596 900 annum
611 842 686 901 vitae
702 841 858 902 humanae.
882 840 972 902 Solon
989 850 1087 902 autem
1105 856 1124 903 4

123 927 226 988 decem
243 933 341 1003 partes
357 925 439 1000 iecit,
458 933 487 985 et
500 925 688 1003 Hippocratis
703 924 827 1003 gradum
842 927 961 986 tertium
978 932 1007 985 et
1022 943 1087 986 sex·

121 1019 186 1071 tum
207 1018 236 1070 et
257 1012 418 1087 septimum
433 1008 565 1086 singulos
586 1009 722 1072 bifariam
738 1010 848 1078 divisit,
876 1016 909 1070 ut
923 1027 981 1070 una
998 1027 1087 1089 quae·

71 1107 105 1155 10
124 1113 182 1174 que
203 1104 283 1156 aetas
304 1111 397 1154 ann-os
413 1092 538 1155 haberet
553 1101 700 1172 septenos.
738 1095 855 1155 Staseas
876 1096 1125 1172 peripateticuso

123 1179 161 1240 ad
182 1180 235 1240 has
250 1177 367 1240 Solonis
390 1179 492 1238 decem
515 1177 716 1239 hebdomadas
737 1179 847 1239 addidit
862 1179 949 1247 duas,
977 1187 1007 1239 et
1021 1195 1088 1254 spa·

122 1265 197 1325 tium
223 1261 328 1340 plenae
354 1263 429 1323 vitae
457 1269 596 1339 quattuor
623 1270 652 1323 et
677 1265 825 1340 octoginta
852 1281 997 1323 annorum
1024 1279 1089 1323 esse

123 1348 210 1416 dixit;
226 1365 315 1425 quem
332 1349 492 1408 terminum
508 1348 533 1406 si
549 1348 615 1427 quis
631 1350 781 1426 praeterit,
799 1349 898 1408 iacere
912 1347 992 1408 idem
1008 1347 1088 1425 quod

122 1431 340 1492 stadiodromoe
356 1450 389 1492 ac
405 1431 564 1510 quadrigae
579 1433 705 1501 iaciunt,
729 1450 796 1492 cum
818 1442 900 1494 extra
915 1433 1004 1494 tinem
1019 1449 1089 1509 pro·

71 1528 104 1578 15
123 1525 256 1578 currunt.
288 1516 422 1576 Etruscis
437 1533 555 1594 quoque
570 1515 653 1576 libris
669 1514 805 1576 tatalibus
820 1524 946 1577 aetatem
961 1515 1089 1576 hominis
1107 1527 1125 1575 e

122 1601 279 1661 duodecim
316 1598 552 1660 hebdomadibus
587 1598 708 1659 discribi
739 1600 832 1659 Varro
867 1608 1089 1659 commemorat.

122 1701 199 1764 quae
214 1684 320 1744 duos*
336 1683 373 1745 ad
388 1682 487 1742 decies
502 1688 642 1760 septenos
656 1699 750 1742 annos
766 1701 853 1762 posse
870 1682 967 1743 satalia
984 1683 1089 1759 depre-

123 1767 219 1828 cando
241 1767 333 1828 rebus
353 1767 458 1828 divinis
479 1768 629 1844 proferre,
661 1767 698 1827 ab
720 1785 797 1827 anno
820 1774 919 1828 autem
940 1779 1013 1825 Lxx
1035 1783 1090 1826 nec

103 1851 266 1932 vpostulari
289 1851 398 1913 debere
421 1869 477 1912 nec
499 1869 587 1929 posse
608 1851 645 1911 ab
667 1851 730 1911 deis
751 1853 911 1930 impetrari.
956 1857 1090 1912 ceterum

71 1949 106 1998 20
124 1943 190 2015 post
211 1953 304 1996 annos
325 1949 478 1996 Lxxxun
502 1944 699 1998 amente-sua
715 1936 851 1996 homines
866 1933 963 2004 abire,
994 1953 1090 2014 neque

124 2020 171 2082 his
192 2021 256 2081 tieri
279 2020 425 2097 prodigia.
462 2020 514 2080 sed
536 2040 572 2081 ex
588 2022 630 2080 eis
646 2018 784 2082 omnibus
803 2023 938 2099 proxime
952 2019 1125 2080 ridenturt

124 2105 288 2164 adcessisse
315 2113 450 2164 naturam
480 2105 530 2182 qui
554 2103 791 2165 hebdomadibus
816 2107 975 2166 humanam
1002 2106 1090 2162 vitam

124 2189 236 2248 emerui
259 2195 336 2249 sunt.
374 2188 438 2248 iere
458 2189 537 2248 enim
558 2194 625 2264 post
644 2189 803 2266 septimum
820 2206 966 2266 quemque
981 2204 1091 2246 annum

121 2271 263 2333 articulos
283 2273 425 2352 quosdam
448 2278 477 2332 et
497 2273 527 2332 in
543 2271 589 2332 his
609 2271 718 2350 aliquid
739 2272 807 2331 novi
826 2278 931 2332 natura
953 2269 1090 2340 ostendit,

73 2367 106 2416 aa
124 2363 163 2416 ut,
182 2364 211 2417 et
226 2359 267 2436 in
293 2356 384 2435 elegia
407 2355 524 2417 Solonis
550 2373 732 2434 cognoscere
757 2355 852 2416 dator.
896 2356 936 2416 ait
963 2355 1091 2415 enimin

125 2442 219 2519 prima
241 2440 427 2501 hebdomade
448 2440 551 2502 dentes
571 2439 684 2500 homini
705 2440 826 2510 cadere,
847 2440 877 2499 in
892 2439 1020 2500 secunda
1036 2457 1091 2516 pu·

123 2617 327 2626 ...n——

192 2727 216 2775 2.
232 2733 294 2789 poet
305 2724 447 2776 laboraret
463 2727 490 2775 in
501 2726 526 2774 D
538 2727 599 2777 odd.
617 2726 681 2776 htuc
701 2724 735 2776 ab
752 2725 934 2791 phosphoron
952 2739 1023 2790 quse
1043 2737 1093 2774 esa
1117 2765 1118 2770 ,

124 2807 239 2844 uenenis
263 2807 369 2843 srenca
392 2808 463 2844 aeae
481 2793 658 2845 renrumbem
680 2793 733 2844 hoc
752 2809 802 2844 ear
820 2792 901 2844 serub
919 2794 1092 2843 hsmrnonton

125 2859 302 2923 (semitonios
314 2860 357 2925 d):
374 2863 431 2911 cide
441 2877 469 2924 p.
483 2863 579 2923 23,1o-
623 2861 803 2926 hippocrenes
816 2862 850 2923 D,
868 2861 1052 2926 hyppoerstes
1068 2859 1096 2908 V

124 2931 148 2980 3.
168 2929 265 2978 aetatu
286 2927 314 2976 V
369 2930 395 2976 4.
412 2927 673 2980 buobermcesrmum
687 2929 745 2977 DV
799 2929 824 2978 ὁ.
843 2928 1010 2976 tricesimum
1034 2925 1061 2974 V

124 2996 150 3046 6.
173 2994 386 3060 quadragesimis
412 2997 438 3045 V
510 2996 766 3060 quinquagesimum
792 2995 819 3044 V
889 2996 914 3044 8.
938 2995 1092 3060 hyppocra-

124 3064 161 3113 tis
182 3062 210 3111 V
258 3065 299 3112 tr.
318 3061 483 3114 ebdomades
499 3064 527 3113 V
575 3066 616 3116 13.
634 3063 750 3128 preterit
771 3062 799 3112 V
853 3062 1093 3116 leomanensi)

84 3131 165 3180 id.
185 3127 376 3180 esbomabtaus
394 3131 451 3179 DV
516 3129 639 3182 bescatas
661 3130 686 3179 Β
755 3131 798 3180 17.
823 3145 876 3193 que
894 3131 957 3180 dum
976 3129 1011 3180 ad
1034 3129 1059 3179 V

126 3196 320 3262 depraecando
342 3197 379 3261 V,
403 3213 472 3250 corr.
494 3215 525 3250 nr.
544 3201 561 3248 2
630 3200 671 3248 el.
694 3209 839 3262 paoxsmae
857 3199 883 3247 Β
950 3199 991 3248 22.
1011 3196 1091 3248 esbo-

126 3263 249 3315 mobtsus
268 3264 326 3316 DV
390 3267 433 3317 25.
452 3265 598 3332 etinlegia
613 3265 641 3316 V
690 3265 794 3316 atenim
809 3265 835 3315 V
884 3265 914 3314 in
927 3266 1015 3330 prims
1025 3264 1093 3314 heb-

123 3331 241 3384 domsde
260 3339 308 3384 ret.
327 3334 353 3382 in
371 3333 429 3383 DV
440 3349 521 3398 supra
538 3336 698 3384 inveniuntur
722 3329 794 3394 (eide
812 3335 849 3383 od
867 3349 894 3396 p.
915 3335 956 3392 12,
975 3331 1022 3392 di:
1044 3332 1093 3380 hoe

126 3407 208 3452 mrtem
225 3406 281 3452 loco
300 3404 416 3466 teguntur
428 3406 581 3465 temporum
600 3401 624 3450 si
636 3406 760 3454 veterum
772 3407 820 3450 eet.
839 3397 908 3465 (aide
921 3415 979 3462 cop.
993 3402 1033 3458 17,
1048 3396 1090 3462 10)

125 3469 168 3519 26.
188 3467 353 3520 esbotttabae
371 3470 410 3534 D,
429 3466 580 3518 ebdomade
602 3469 629 3518 V
