2560 3958
396 186 602 273 ruaoucurr
623 221 699 270 oar.
717 221 775 270 vn.
802 297 804 300 Ι
1030 209 1070 274 61

103 379 159 441 per
179 380 210 422 se
232 363 335 442 positis
356 363 434 422 notis
453 359 616 440 aequaliter
636 362 730 440 posita
752 368 806 424 est.
852 365 1004 426 summitas
1027 374 1072 425 est

105 445 185 525 quod
212 445 427 523 longitudinem
452 453 483 506 et
501 447 692 508 latitudinem
711 453 824 506 tantum
845 445 943 508 habet
990 459 1104 510 sum-2

103 531 213 592 mitatis
233 531 307 595 linas
326 529 422 592 lineae
442 540 520 592 sunt.
569 529 669 608 plana,
695 547 772 608 quac
792 531 900 592 dicitur
921 534 1070 610 epipedos,

103 616 256 676 summitas
277 624 322 678 est
341 632 417 696 quae
436 632 527 693 super
547 629 579 676 se
599 614 702 693 positis
722 617 813 676 rectis
834 615 920 678 lineis
942 617 1071 696 aequali·

69 707 150 760 nter
171 701 267 778 posita
282 707 338 770 est,
361 698 406 760 vel
422 717 496 778 quae
511 701 573 760 suis
588 699 696 760 finibus
717 699 879 778 aequaliter
901 703 995 780 posita
1016 710 1068 764 est.

103 782 211 863 planus
239 783 364 862 angulus
387 793 431 846 ast
457 785 486 846 in
512 783 633 862 planitie
655 784 779 844 duarum
807 783 952 846 linearum
974 804 1071 846 none

102 868 227 944 regione
247 871 409 947 positarum
430 868 467 929 ad
490 887 582 930 unum
604 871 723 946 signum
739 871 914 947 contingens
930 872 1070 932 curvatio.

103 952 178 1014 haec
199 951 295 1016 lineae
310 972 385 1032 quae
407 952 548 1032 angulum
570 954 723 1014 continent
738 970 806 1015 cum
826 961 926 1016 rectae
941 961 1023 1025 sunt,
1048 956 1072 1016 is

103 1036 228 1114 angulus
247 1039 335 1100 rectis
356 1037 442 1099 lineis
462 1039 609 1100 contineri
629 1037 744 1098 dicitur.
782 1039 807 1098 si
829 1047 910 1099 recta
930 1039 1007 1100 linea
1023 1058 1072 1102 su·
1090 1049 1106 1098 3

52 1130 85 1180 10
102 1137 156 1198 pra
171 1127 284 1184 rectam
303 1120 412 1185 lineam
427 1131 508 1184 stans
524 1123 681 1184 continuos
701 1121 826 1199 angulos
845 1123 924 1184 iuter
938 1142 971 1184 se
986 1141 1073 1201 pares

103 1205 185 1275 lacit,
207 1213 272 1268 tum
293 1213 420 1284 uterque
442 1225 477 1267 er
499 1205 622 1286 paribus
643 1204 759 1286 angulis
780 1214 881 1270 rectus
900 1207 1021 1278 dicitur,
1044 1216 1073 1268 ct

102 1308 137 1351 ea
152 1290 231 1351 linea
247 1291 360 1354 Graece
377 1291 523 1361 cathetus,
547 1291 650 1354 Latine
665 1290 808 1352 normalis
823 1291 938 1353 dicitur.
972 1300 1072 1354 rectus

102 1373 231 1451 angulus
246 1382 292 1437 cst
306 1375 439 1438 modicus
454 1384 484 1436 et
499 1375 554 1438 sihi
567 1393 744 1454 congruens,
762 1375 854 1438 hebes
870 1379 964 1440 maior
979 1385 1071 1455 recto,

103 1469 207 1520 acutus
223 1461 320 1520 minor
334 1473 426 1522 recto.

52 1663 84 1711 15
474 1661 524 1711 DE
542 1659 700 1712 mommo,
1091 1660 1107 1720 7

167 1795 277 1872 Figura
299 1803 343 1856 est
357 1812 433 1874 quae
453 1795 553 1874 aliquo
568 1795 626 1856 fine
647 1803 697 1858 aut
718 1793 865 1874 aliquibus
879 1795 986 1858 unibus
1003 1813 1073 1857 con·

103 1880 222 1942 tinctor.
258 1876 388 1942 circulus
403 1888 447 1940 cst
462 1881 555 1959 figora
577 1879 666 1959 plana
686 1897 744 1942 una
759 1879 836 1943 linea
857 1880 1072 1960 conprehensa,

105 1961 158 2024 ‘sin
173 1981 262 2041 quem
277 1965 392 2028 mediae
407 1983 511 2028 omues
528 1965 623 2026 lineae
643 1967 723 2026 inter
738 1983 770 2026 se
786 1983 873 2044 pares
888 1974 967 2028 sunt.
1003 1983 1073 2028 ocn-

104 2056 172 2110 tron
188 2057 234 2110 est
248 2057 316 2110 nota
333 2047 438 2110 circuli
453 2051 550 2111 medii.
583 2049 750 2111 diametron
773 2062 816 2112 esa
830 2059 911 2112 rocta
927 2051 1006 2112 linea
1020 2069 1074 2128 per
1092 2060 1108 2107 ε

52 2143 88 2192 20
106 2140 231 2194 centron
246 2134 366 2196 inmissa
389 2142 417 2194 et
438 2135 469 2194 in
492 2142 650 2213 utramque
665 2141 782 2212 partem
798 2151 903 2194 secans
918 2133 1073 2195 circulum.

107 2215 313 2297 hemicyclium
327 2216 430 2279 circuli
442 2217 606 2278 dimidium.
625 2216 868 2296 euthygrammoe
880 2217 994 2278 formae
1007 2228 1077 2278 sunt

105 2320 182 2381 quae
202 2303 292 2366 rectis
312 2301 399 2364 lineis
419 2303 617 2363 continentur.
658 2303 809 2380 trigonum
831 2299 1011 2369 trilaterum‚
1035 2309 1074 2362 te-

105 2394 269 2462 tragonum
296 2387 376 2464 quod
403 2395 556 2466 quattuor,
587 2385 798 2448 multilaterum
827 2385 907 2465 quod
927 2385 1072 2464 pluribus.

108 2557 312 2569 -ss-..a--m-

174 2657 197 2707 1.
216 2657 307 2708 noctis
330 2657 358 2706 V
415 2671 512 2722 poetro
525 2672 557 2708 er
569 2668 715 2706 summisso
728 2670 777 2706 esu
789 2657 850 2714 DV,
869 2673 939 2708 corr.
955 2657 1077 2708 Cauchius

105 2727 129 2774 2.
150 2729 178 2775 et
194 2723 372 2776 latitudinem
390 2727 452 2778 add.
471 2725 569 2774 Iuhnuo
586 2740 621 2774 ecc
639 2723 723 2776 Batou
737 2726 819 2789 p099,
834 2727 867 2774 12
881 2724 1007 2790 (hacun.)

80 2803 83 2808 '
105 2795 129 2844 3.
149 2806 222 2844 urnae
240 2806 340 2844 caueae
358 2806 445 2857 supera
463 2807 556 2858 praua
574 2791 635 2852 DV,
653 2808 722 2843 corr.
743 2792 866 2843 Cauchius
934 2795 959 2846 8.
976 2793 1031 2844 hee
1054 2795 1080 2844 V

104 2862 178 2924 uulgo
247 2860 380 2910 necrol)
450 2873 511 2911 eruc
534 2860 599 2918 DV,
624 2875 694 2912 corr.
717 2860 850 2910 Manutius
917 2860 962 2910 hts
985 2861 1009 2910 D

106 2929 148 2976 11.
172 2925 242 2978 iecit
268 2928 292 2976 V
359 2923 432 2994 tum]
462 2938 577 2978 rourum
606 2927 664 2975 DV
730 2928 770 2976 12.
800 2942 833 2976 er
858 2941 958 2976 octaua
980 2926 1018 2982 Ι),
1050 2933 1078 2976 et

106 2994 200 3060 alieno
221 2993 247 3042 V
313 3008 430 3044 curruca
454 3011 485 3045 ac
501 3001 593 3060 postca
610 2993 754 3044 uocabulum
771 3009 871 3044 erasum
889 2995 914 3043 D
985 2997 1025 3046 lh.
1044 2993 1078 3045 do

106 3061 202 3127 figuris
220 3077 295 3113 uersu
308 3063 425 3113 contiuuo
442 3063 470 3112 V
536 3063 576 3112 17.
594 3075 648 3110 uuo
668 3059 697 3124 (u
715 3063 740 3112 iu
752 3059 817 3126 rae.)
837 3063 862 3110 D
933 3062 972 3114 18.
993 3060 1079 3112 ιιιεδιε

107 3141 194 3180 omncs
212 3129 271 3180 DV
334 3143 441 3180 cernon
459 3130 492 3190 D,
511 3131 559 3179 sed
571 3143 588 3178 n
604 3130 690 3194 primu
701 3145 742 3193 m.‚
760 3135 787 3178 ut
799 3130 906 3189 uidetur,
926 3145 1005 3196 cuper
1021 3146 1075 3180 uer·

105 3245 159 3281 rum
181 3232 243 3284 odd.
315 3233 356 3286 19.
385 3245 455 3283 noua
479 3229 510 3293 (ο
532 3232 559 3280 in
582 3231 651 3291 ras.)
673 3232 698 3280 D
766 3233 808 3281 20.
836 3213 963 3282 cenaeos
986 3232 1011 3280 D

108 3299 209 3350 amisse
226 3301 299 3365 uulgo
368 3301 410 3350 21.
431 3309 598 3350 emacrccum
617 3299 675 3349 DV
740 3311 956 3364 eurrcccmmae
975 3297 1000 3348 Π
1023 3295 1081 3360 (aed

107 3380 142 3418 an
160 3381 211 3416 uon
220 3369 390 3432 perspicuam
407 3372 515 3431 possunt
529 3368 605 3416 etium
617 3370 669 3432 legi
685 3363 740 3428 eu),
760 3367 941 3430 entigramme
963 3366 988 3414 V
993 3361 1011 3425 ¹,
1031 3378 1079 3436 eu·

23 3440 25 3445 '
106 3437 259 3500 tygramme
282 3437 307 3486 V
311 3433 323 3466 ²
391 3435 433 3486 22.
457 3449 529 3499 quae
552 3449 683 3499 superem.
706 3436 733 3485 iu
751 3435 776 3484 Ι)
798 3435 904 3498 antiqua
925 3445 1011 3482 manue
1111 3452 1113 3455 ·

27 3539 29 3546 ,
104 3507 278 3568 tetragonum
295 3519 342 3556 om.
360 3504 386 3553 I)
