2560 3958
206 233 249 299 50
438 243 486 292 nu
508 245 570 292 orn
592 243 725 292 aarum
747 243 821 295 cnr.
838 245 939 293 xxm.

207 387 317 449 tatibus
338 393 477 467 quattuor
492 383 590 445 modis
605 383 752 446 definitur.
791 383 943 465 Babylonii
958 385 1076 464 quidem
1098 403 1114 444 a
1130 403 1177 446 so

207 474 243 533 iis
259 480 364 532 exortu
380 470 417 532 ad
433 476 569 530 exortum
585 468 716 530 eiusdem
732 471 804 530 astri
819 469 897 530 diem
913 475 1086 540 statuerunt,
1102 479 1132 530 at
1147 474 1177 533 in

207 556 331 620 Umbria
357 554 492 635 plerique
519 573 536 614 a
563 554 686 614 meridie
714 553 750 614 ad
778 554 946 623 meridiem,
983 553 1179 618 Athenienses

209 650 308 702 autem
329 639 367 701 ab
388 655 494 701 occaso
517 637 587 698 solis
608 638 643 699 ad
666 655 814 699 occasum.
860 645 993 700 ceterum
1012 638 1141 700 Romani
1162 660 1178 701 a

210 725 306 788 media
327 733 414 786 nocte
436 724 472 785 ad
494 724 620 784 mediam
641 731 759 784 noctem
775 724 853 784 diem
875 742 939 785 esse
960 723 1176 785 existimarunt.
1198 731 1214 781 5

175 823 192 870 4
209 811 318 872 indicio
334 816 401 870 sunt
417 825 501 869 sacra
513 806 630 885 publica
647 815 676 867 et
691 809 821 887 auspicia
837 809 924 870 etiam
941 809 1177 885 magistratuum,

210 913 337 974 quorum
354 896 379 954 si
401 892 472 973 quid
493 899 563 953 ante
576 893 708 953 medium
728 894 824 953 noctis
845 901 890 954 est
910 900 1023 962 actum,
1049 892 1107 953 diei
1128 897 1179 974 qui

212 981 364 1058 praeteriit
379 976 574 1047 adscribitur,
592 979 617 1038 si
633 977 703 1056 quid
720 985 819 1038 autem
835 985 903 1056 post
918 977 1044 1036 mediam
1059 986 1178 1038 noctem

211 1074 241 1126 et
255 1070 324 1125 ante
339 1062 436 1123 locem
458 1062 567 1122 iactum
584 1069 643 1130 est,
672 1081 707 1122 eo
723 1062 769 1122 die
787 1069 901 1140 gestum
917 1060 1027 1121 dicitur
1042 1062 1092 1139 qui
1113 1079 1179 1122 eam

176 1150 342 1226 bsequitur
362 1152 491 1207 noctem.
522 1148 600 1208 idem
620 1147 765 1224 significat
780 1147 859 1226 quod
874 1147 926 1226 qni
947 1163 962 1206 a
978 1145 1075 1206 media
1091 1154 1180 1209 nocte
1200 1156 1230 1204 10

211 1233 247 1292 ad
276 1233 443 1311 proximam
470 1231 597 1292 mediam
620 1239 737 1290 noctem
762 1233 794 1291 in
818 1231 863 1292 his
885 1231 967 1291 horis
987 1236 1126 1310 quattuor
1152 1240 1181 1292 et

177 1327 193 1375 6
210 1317 311 1394 viginti
327 1322 489 1379 nascuntur
510 1313 636 1374 eundem
659 1314 737 1374 diem
753 1314 864 1376 habent
877 1313 1012 1375 natalem.
1043 1317 1074 1374 in
1091 1315 1180 1377 horas

209 1415 262 1462 xro
284 1400 363 1460 diem
384 1400 507 1460 divisum
529 1415 594 1459 esse
617 1403 794 1477 noctemque
820 1401 850 1460 in
869 1399 988 1460 totidem
1013 1397 1103 1476 vulgo
1125 1417 1179 1460 no·

210 1495 273 1546 tum
297 1492 355 1546 est:
379 1485 430 1546 sed
451 1483 508 1543 hoo
530 1482 621 1544 credo
636 1483 748 1543 Romae
770 1487 837 1563 post
858 1489 975 1562 reperta
997 1482 1103 1544 solaria
1126 1483 1179 1544 ob·

210 1577 368 1630 servatum.
420 1585 545 1647 quorum
576 1568 811 1646 antiquissimum
839 1568 917 1646 quod
944 1567 1032 1628 inerit
1058 1569 1179 1629 inventu
1198 1576 1230 1625 15

211 1653 330 1714 difficile
350 1661 407 1714 est:
436 1651 485 1712 alii
506 1653 585 1713 enim
607 1653 684 1731 apud
707 1652 809 1713 aedem
832 1650 946 1722 Quirini
968 1653 1097 1732 primum
1119 1659 1179 1714 sta-

211 1746 307 1803 tutum
323 1738 439 1806 dicunt,
457 1735 505 1797 aiii
520 1737 550 1797 in
566 1735 724 1815 Capitolio,
748 1736 882 1797 nonnulli
898 1737 935 1797 ad
950 1737 1054 1797 aedem
1070 1736 1179 1799 Dianae

177 1825 240 1883 'tin
261 1823 416 1882 Aventino.
461 1819 532 1881 illud
561 1822 632 1880 satis
659 1827 786 1891 constat,
812 1820 925 1882 nullum
952 1824 981 1880 in
1009 1821 1074 1880 foro
1096 1824 1179 1901 prius

211 1906 301 1969 inisse
323 1923 411 1984 quam
431 1904 460 1964 id
482 1904 561 1983 qnod
577 1905 614 1965 M.
637 1903 767 1966 Valerius
789 1923 824 1966 ex
847 1905 981 1966 Siciliae
1041 1913 1119 1967 ctum
1142 1908 1178 1968 ad

210 1998 307 2050 rostra
329 1991 357 2049 in
372 1986 515 2056 columna
536 1990 644 2067 posuit.
679 1990 757 2069 quod
779 1993 917 2070 quoniam
940 1990 978 2051 ad
998 1990 1035 2051 cli
1105 1992 1178 2052 Sici·
1197 1999 1230 2047 eo

209 2073 267 2134 liae
283 2072 465 2151 descriptum
488 2073 523 2134 ad
541 2074 630 2133 horas
646 2072 757 2135 Rornae
777 2092 837 2136 non
854 2077 1037 2145 conveniret,
1060 2075 1092 2137 L.
1134 2076 1179 2136 hi-

210 2158 311 2237 lippus
326 2174 432 2218 censor
448 2157 526 2219 aliud
542 2159 621 2218 iuxta
638 2160 797 2219 constituit.
823 2159 930 2220 deinde
946 2159 1096 2239 aliquanto
1112 2179 1131 2239 p

210 2243 243 2304 P.
261 2241 415 2313 Cornelius
430 2242 534 2303 Nasica
551 2261 657 2303 censor
679 2262 715 2303 ex
735 2261 810 2321 aqua
826 2243 895 2304 iecit
909 2243 1076 2314 horarium,
1098 2247 1179 2322 quod
1207 2277 1213 2286 ·

211 2334 241 2388 et
254 2328 353 2406 ipsum
375 2343 410 2386 ex
427 2327 640 2388 consuetudine
655 2327 797 2387 noscendi
818 2347 833 2388 a
850 2327 912 2389 sole
928 2328 1016 2389 horas
1036 2328 1178 2390 solarium
1269 2403 1270 2416 χ

177 2425 193 2473 8
212 2418 350 2489 coeptum
372 2412 479 2472 vocari.
515 2411 656 2472 horarum
676 2428 786 2472 nornen
809 2429 869 2474 non
885 2413 982 2474 minus
1003 2430 1096 2474 annos
1118 2421 1178 2475 tre·
1197 2421 1230 2470 25

211 2503 315 2558 centos
329 2496 441 2557 Romae
460 2497 627 2571 ignoratum
650 2514 714 2556 esse
736 2495 877 2557 credibile
899 2503 957 2558 est:
981 2515 1049 2557 narn
1065 2512 1118 2557 ΧΠ
1133 2504 1178 2559 ta-

210 2580 289 2640 bulis
303 2597 448 2660 nusquam
465 2581 628 2641 nominatas
643 2580 732 2640 horas
747 2582 886 2652 invenies,
904 2588 935 2642 ut
950 2583 980 2642 in
997 2580 1059 2642 aliis
1074 2589 1179 2661 postea

210 2663 339 2742 legibus,
364 2665 415 2723 sed
437 2671 519 2726 ante
542 2663 749 2734 meridiem,
773 2681 809 2725 eo
825 2665 959 2727 videlieet
979 2668 1058 2744 quod
1078 2673 1179 2745 partes

210 2848 415 2858 Μ

279 2970 303 3016 1.
322 2981 480 3019 sauronam
498 2968 532 3030 D,
552 2966 687 3018 babilonii
710 2969 738 3018 V
803 2967 910 3031 quodam
929 2970 985 3020 DV
1051 2973 1075 3021 3.
1094 2971 1179 3021 cahe-

210 3048 315 3086 nreusrs
333 3037 358 3083 D
426 3037 450 3086 8.
469 3050 623 3100 praerepta
642 3038 680 3100 D,
703 3036 830 3100 preteriit
850 3037 876 3086 V
942 3039 965 3090 9.
990 3036 1106 3088 decerna
1125 3039 1181 3088 DV

211 3113 335 3168 quroeam
357 3104 382 3150 D
452 3105 492 3152 12.
520 3117 589 3153 ones
612 3105 637 3152 D
672 3145 674 3150 .
707 3105 747 3154 15.
770 3116 916 3154 iuuencum
940 3106 965 3153 J)
1034 3107 1076 3156 17.
1104 3121 1178 3156 carr·

211 3169 325 3234 pontino
346 3170 372 3219 D
395 3168 441 3233 (no
459 3171 477 3220 d
499 3171 585 3222 adeor.
609 3178 724 3222 entremo
747 3186 833 3232 uersu,
856 3174 970 3236 proaeimi
991 3181 1073 3222 autem
1090 3189 1180 3224 uersus

209 3239 282 3289 initio
299 3253 351 3287 unu
368 3238 454 3288 littera
473 3253 550 3289 eraso
568 3239 630 3302 eat),
659 3238 811 3304 capitolino
833 3239 859 3289 V
926 3241 966 3290 18.
989 3255 1066 3292 runos
1084 3241 1124 3289 D*

210 3327 252 3375 20.
273 3309 314 3389 {poi
333 3323 371 3388 D,
391 3339 451 3373 cum
474 3323 500 3373 V
514 3325 585 3388 culpo
656 3336 788 3374 acerrumo
807 3323 840 3386 D,
860 3323 1019 3374 eolimmote
1039 3327 1069 3388 d,
1089 3340 1106 3374 a
1125 3324 1178 3375 cli-

209 3395 284 3443 mate
307 3397 332 3445 V
381 3393 422 3445 21.
443 3405 511 3441 onas
529 3391 587 3441 DV
602 3391 638 3456 (in
655 3391 708 3441 Vh
721 3393 821 3444 addin
833 3407 912 3457 morp.
925 3409 955 3445 nr.
968 3392 1032 3454 ree.)
1086 3395 1129 3442 23.
1149 3409 1176 3458 p.

211 3460 320 3512 oorirV
387 3460 644 3511 numereueusonl)
713 3461 754 3510 24.
777 3459 912 3509 honorum
933 3459 957 3508 D
1026 3463 1068 3511 25.
1093 3475 1177 3510 rrae·

211 3544 313 3581 cerras
332 3531 357 3578 D
425 3530 468 3580 26.
488 3529 630 3579 duodecim
653 3528 678 3576 V
