2560 3958
415 209 624 260 oscannum
647 211 722 260 cnr.
739 211 810 262 xrv,
1057 199 1100 263 69

124 353 286 414 duodecim
303 349 480 430 syllabarum
504 359 556 412 est.
589 352 695 430 recipit
709 349 868 428 aliquando
882 361 1002 430 praeter
1019 363 1098 414 eete-

125 455 177 498 ros
192 436 307 496 iambos
322 437 353 496 iu
370 442 503 496 extremo
519 435 699 516 pyrrichion.
729 438 884 496 trimetros
899 438 1029 515 tragicus

157 546 162 557 ·
255 521 313 582 Pro
330 527 410 582 veste
425 521 526 600 pinnis
542 518 674 580 membra
691 522 777 581 tertis
793 523 938 598 contegit,

126 613 156 667 el

90 699 107 747 5
256 689 408 769 Aquilonis
424 689 534 750 stridor
549 687 661 766 gelidas
676 687 797 750 molitur
812 691 903 750 nives

126 775 237 853 recipit
256 776 287 834 in
309 781 393 853 parte
411 776 506 851 prima
529 774 690 851 gressionis
711 774 882 850 spondium,
907 780 934 833 et
954 779 1019 835 eius
1034 774 1099 836 loeo

126 857 265 937 dactylon
288 865 317 918 et
331 864 538 936 anapaestum,
562 863 591 917 et
605 875 660 934 pro
675 857 775 918 iambo
792 858 925 919 chorium
948 865 976 918 et
991 857 1099 918 tribra-

126 944 223 1022 chym.
269 943 303 1002 fit
327 941 506 1022 syllabarum
533 943 777 1019 paucissimarum
807 956 873 1013 xtr,
903 941 1099 1021 plurimarum

126 1041 212 1087 xvir.
245 1029 353 1106 recipit
367 1033 500 1104 tempora
516 1025 643 1104 plurima
660 1027 905 1104 quattuordecim,
922 1029 1099 1104 paucissima

74 1121 108 1170 10
127 1113 231 1172 decem
254 1118 283 1172 et
305 1117 381 1171 octo.
414 1113 543 1182 comicos
563 1112 712 1171 trimetros
732 1110 808 1172 solet
829 1113 921 1189 magis
941 1113 972 1172 iu
994 1110 1099 1171 breves
1117 1119 1133 1168 5
1183 1143 1184 1150 .

126 1198 230 1257 minui.
269 1197 422 1255 trimetros
437 1195 651 1272 Hipponactius
672 1195 778 1274 pedem
799 1198 990 1256 novissimum
1013 1195 1099 1257 adsu-

126 1297 213 1342 mens
229 1277 388 1358 spondium
405 1278 450 1349 vel
466 1277 600 1340 chorium
616 1278 682 1340 talis
698 1291 756 1350 est,

257 1360 486 1441 Calentihusque
502 1362 620 1442 lympha
638 1363 768 1425 lontibus
783 1381 910 1443 semper.

128 1448 250 1508 eosdem
273 1446 364 1524 pedes
380 1465 454 1526 quos
470 1445 577 1526 reliqui
599 1450 742 1519 trimetri,
765 1459 883 1526 praeter
899 1451 1100 1520 novissimum,

76 1541 108 1589 15
128 1534 243 1610 recipit,
261 1539 291 1592 et
307 1553 345 1592 *t

195 1617 414 1701 Tetrametros,
433 1616 484 1693 qui
500 1615 602 1676 Latine
619 1615 779 1694 quadratus
795 1624 929 1686 vocatur,
946 1617 1101 1678 choriacus
1118 1627 1134 1674 6

126 1701 192 1762 talis
209 1707 267 1770 est,

185 1783 256 1844 Tela
271 1783 388 1855 famuli,
407 1783 462 1844 tela
480 1788 538 1844 telo
553 1801 697 1860 propere:
721 1786 855 1864 sequitur
872 1803 919 1846 me
934 1785 1040 1847 Thoas.

129 1871 237 1947 recipit
253 1867 370 1929 eosdem
387 1870 494 1947 pedes,
518 1870 654 1946 pervenit
675 1869 710 1928 ad
726 1877 840 1947 septem
863 1876 891 1929 et
906 1869 1097 1948 semipedem.

78 1959 112 2008 20
130 1971 278 2014 summum
294 1953 399 2032 pedem
415 1955 526 2032 patitur
543 1958 593 2013 aut
609 1955 750 2014 creticum
767 1961 817 2013 aut
828 1953 986 2033 dactylum.
1017 1962 1099 2016 octo-

106 2111 111 2120 Ι
128 2040 229 2098 uarius
245 2036 360 2097 iambus

213 2121 306 2183 Proin
323 2122 422 2183 demet
437 2121 490 2182 abs
507 2127 535 2182 te
551 2123 683 2200 regimen
700 2125 808 2198 Argos,
826 2123 896 2182 dnm
913 2131 956 2182 est
972 2130 1100 2201 potestas

559 2262 565 2270 .
601 2204 713 2266 consili.

129 2291 320 2370 Septenarius
1118 2301 1133 2348 7

78 2381 110 2430 25
207 2376 301 2444 Haec,
318 2373 476 2435 bellicosus
493 2376 540 2434 cui
555 2381 654 2454 pater,
673 2381 767 2435 mater
782 2373 861 2436 elrret
876 2373 1014 2434 Minerva.
1086 2417 1097 2440 ,

196 2613 220 2660 2.
244 2611 351 2661 iambus
375 2615 496 2660 extremo
525 2613 549 2660 V
618 2610 757 2660 trimetros
784 2610 809 2659 V
880 2611 904 2660 3.
929 2609 1016 2660 Attius
1038 2611 1099 2660 Pti-

127 2681 222 2728 recreta
244 2695 278 2728 oc.
293 2681 344 2728 510
355 2678 475 2731 Ribbeck.
547 2678 571 2728 5.
594 2679 661 2729 idem
677 2678 738 2728 idid.
760 2693 796 2728 os.
815 2679 865 2727 56⁷
934 2679 957 2727 6.
979 2679 1099 2744 gressio·

127 2742 183 2812 nis]
204 2746 361 2796 occasionis
385 2746 411 2794 V
477 2746 536 2797 eius
548 2746 674 2805 Halmius,
688 2762 734 2798 om.
749 2747 782 2806 Ι),
803 2743 860 2794 alio
874 2746 923 2796 dV
988 2749 1011 2796 7.
1031 2761 1100 2795 enn-

127 2825 241 2878 pesrum
260 2814 316 2862 DV
365 2827 551 2864 rntnaecarur
564 2815 597 2877 J),
611 2813 765 2864 tribrachin
779 2812 806 2861 V
810 2811 828 2875 ¹,
846 2811 1009 2876 tribrachyn
1025 2814 1051 2862 V
1054 2809 1066 2842 ²

127 2883 152 2932 8.
166 2881 296 2944 prosituit
309 2880 365 2930 nV
406 2883 430 2931 9.
443 2897 520 2932 xv111
532 2887 592 2931 cente
606 2879 824 2944 quattuordecim
838 2881 899 2928 add.
911 2881 937 2928 V
977 2881 1016 2930 10.
1029 2893 1099 2927 xurr

127 2953 188 2998 ante
201 2946 298 2997 decem
312 2953 339 2997 et
352 2952 415 3000 octo
429 2951 490 2999 add.
502 2951 526 2998 V
597 2949 637 2996 11.
651 2948 862 3011 hrppouccrtns
875 2945 933 2994 DV
1000 2947 1038 2995 14.
1053 2959 1099 2995 ne-

127 3028 220 3080 mqutr
238 3017 284 3064 Dv
331 3017 434 3066 timetri
460 3016 488 3066 V
554 3016 594 3064 15.
619 3020 693 3078 ‘post
711 3016 739 3063 et
761 3013 860 3062 excidit
877 3018 1015 3077 temporum
1033 3029 1099 3064 oom-

124 3085 237 3148 pntatt'o'
250 3083 348 3134 latmia
418 3086 458 3135 18.
470 3098 558 3134 versus
571 3085 663 3131 incerti
672 3088 764 3145 poetae
779 3081 886 3145 tropat·
899 3082 966 3146 conf.
979 3081 1098 3132 thtect.
1179 3081 1180 3084 ’

126 3167 153 3214 p.
173 3153 223 3200 217
284 3150 343 3201 tela
361 3158 422 3201 ante
440 3165 558 3216 propere
577 3149 757 3200 addliotlttus
820 3154 881 3200 toas
904 3149 928 3197 V
997 3151 1099 3214 20.pe-

127 3217 195 3266 titur
225 3220 253 3268 V
318 3221 360 3269 22.
394 3232 482 3269 versae
509 3219 603 3267 incerti
627 3224 719 3282 poetae
747 3219 853 3282 tropicis
882 3218 951 3280 conf.
978 3216 1123 3276 Ribbeck„

125 3301 152 3348 p.
166 3287 219 3336 203
272 3286 353 3351 proin
366 3285 457 3336 demet
469 3285 655 3347 hartmannus,
674 3283 790 3349 pnornds
804 3300 837 3334 er
850 3285 905 3334 DV
973 3287 1014 3334 23.
1033 3298 1098 3333 cou-

129 3351 241 3404 suneultt
253 3355 316 3414 DV,
336 3370 405 3406 corr.
419 3353 597 3403 hartmannus
648 3354 689 3402 24.
708 3366 884 3403 seemnantus
898 3353 923 3400 D
975 3352 1017 3400 25.
1030 3349 1098 3412 confi

126 3419 246 3471 Ribbeck.
259 3427 328 3487 trop.
341 3426 388 3472 rel.
409 3437 437 3485 p.
450 3423 502 3471 204
570 3435 728 3472 senticosis
748 3435 793 3470 cm
812 3431 909 3468 mares
927 3431 1017 3483 paren
1034 3417 1097 3478 DV,

126 3503 194 3538 corr.
213 3489 307 3540 Carrio

747 3659 758 3702 l
