2560 3958
370 219 417 266 nn
441 221 502 266 Ino
525 221 655 268 aaroni
678 223 752 272 oar.
776 225 863 272 Ixn.
1037 212 1078 274 47

111 358 286 438 quibusdam
308 358 345 420 ab
369 367 437 421 ortu
456 359 659 459 vergiliarum,
687 362 836 424 nonnullis
857 362 892 424 ab
910 381 1012 426 earum
1029 385 1078 427 oo·

112 462 198 514 oasu,
221 444 322 505 multis
339 463 356 504 a
372 446 453 504 oanis
474 453 578 506 exortu
601 447 733 524 incipere
757 465 852 508 annus
872 449 1014 566 naturalis
1037 453 1078 510 vi-

112 527 245 590 detur.

173 614 321 674 Mensium
345 631 455 691 genera
479 615 552 674 duo:
586 633 654 674 narn
679 615 727 675 alii
748 624 816 676 sunt
837 561 998 690 naturales,
1027 618 1077 681 aln
1090 625 1130 684 22

76 697 220 758 serviles
259 698 437 760 naturalium
459 700 573 778 speeies
594 699 685 770 duae,
708 701 909 778 quodparlim
926 702 1077 782 solispar·
1096 717 1111 764 2
1161 779 1163 784 Ι

110 783 160 842 lim
177 781 265 843 lunae
281 801 344 844 esse
361 784 508 860 dicuntur.
536 785 699 845 secundum
716 785 808 846 solem
824 787 856 847 fit
871 791 990 856 mensis,
1007 789 1077 850 dum

108 866 154 926 sol
176 853 450 948 unumquodque
442 887 472 929 m
488 869 608 928 zodiaco
630 868 742 934 orbe
719 886 836 946 signum
851 874 1012 950 pereurrit3
1033 873 1077 933 lu·

109 951 191 1012 naris
212 960 256 1013 est
277 961 375 1014 autem
391 955 534 1032 temporis
557 953 704 1050 quoddam
727 956 853 1032 spatium
875 974 981 1016 anova
997 955 1076 1021 luna.

109 1035 207 1096 oiviles
236 1055 353 1098 menses
380 1048 447 1100 sunt
477 1039 594 1098 numeri
621 1039 738 1114 quidam
769 1039 884 1101 dierum
915 1059 989 1120 quos
1019 1060 1077 1103 una
1095 1056 1114 1103 3.

57 1133 91 1182 ιο
110 1138 245 1200 quaeque
267 1123 366 1182 civitas
381 1141 435 1183 suo
450 1123 582 1182 instituto
603 1121 754 1193 observat,
778 1132 809 1184 ut
824 1143 903 1184 nuno
918 1125 1044 1186 Romani
1060 1146 1076 1186 a

109 1203 265 1266 kalendis'
257 1225 287 1266 m
303 1205 453 1267 kalendas
489 1205 637 1266 naturales
660 1214 688 1268 et
703 1209 884 1288 antiquiores
900 1216 929 1270 et
944 1212 1075 1275 omnium

109 1292 241 1366 gentium
263 1307 435 1352 communes
455 1300 538 1360 sunt,
567 1291 666 1352 civiles
687 1301 715 1352 et
737 1295 883 1370 posterius
903 1296 1027 1355 instituti
1049 1305 1077 1356 et

108 1374 147 1434 ad
163 1391 251 1434 unam
267 1391 415 1452 quamque
431 1368 580 1453 pertinent
596 1377 752 1437 civitatem.
776 1379 910 1456 quisunt
926 1378 1074 1450 caelestes,
1093 1393 1112 1440 ι

108 1460 169 1518 sive
184 1457 254 1518 solis
275 1477 327 1519 seu
343 1459 445 1535 lunae,
469 1479 565 1540 neque
579 1479 728 1558 peraeque
749 1463 826 1523 inter
846 1481 877 1523 se
899 1481 987 1542 pares
1008 1473 1076 1525 sunt

55 1551 89 1600 15
108 1561 164 1604 nee
190 1543 253 1604 dies
278 1543 389 1604 habent
413 1552 498 1604 totos.
545 1547 653 1622 quippe
679 1545 750 1604 sol
743 1565 773 1606 ro
800 1550 920 1624 aquario
943 1557 1077 1609 moratur

78 1701 80 1706 ,
109 1629 228 1689 circiter
252 1629 469 1705 undetriginta,
506 1631 537 1688 in
563 1631 644 1704 pisce
670 1630 733 1688 lero
759 1631 892 1707 triginta,
928 1633 959 1690 in
985 1635 1077 1693 ariete

107 1730 200 1772 unum
224 1719 253 1771 et
273 1713 408 1789 triginta,
435 1713 465 1771 in
487 1713 611 1790 geminis
632 1730 726 1790 prope
746 1715 865 1790 triginta
887 1722 916 1774 et
931 1715 1020 1785 duos,
1048 1725 1076 1777 et

107 1797 151 1856 sio
171 1796 201 1855 in
226 1798 334 1856 ceteris
358 1795 597 1875 inaequabiliter,
627 1795 679 1858 sed
701 1815 798 1876 usque
823 1798 896 1858 adeo
918 1818 976 1860 non
998 1809 1076 1861 totos

108 1880 170 1940 dies
191 1883 221 1939 in
242 1879 379 1958 singulis,
401 1889 433 1941 ut
453 1898 563 1943 annum
584 1901 686 1951 suum,
709 1883 737 1942 id
760 1889 804 1943 est
819 1883 882 1943 dies
897 1898 1032 1945 cccnxv
1048 1893 1076 1946 et

56 1973 90 2022 20
108 1967 276 2043 portionem
291 1967 392 2026 nesoio
408 1985 496 2044 quam
512 1967 608 2028 adhuc
624 1966 780 2044 astrologis
795 1968 1026 2047 inexploratum,
1044 1972 1074 2029 in

106 2063 160 2109 IIII
181 2067 251 2110 suos
266 2049 374 2112 dividat
389 2068 514 2112 menses.
546 2053 616 2112 luna
631 2059 730 2112 autem
745 2051 877 2129 singulos
899 2059 968 2116 subs
990 2073 1072 2124 men·
1092 2067 1112 2116 a

107 2151 155 2194 ses
170 2133 289 2194 oonlioit
304 2133 408 2194 diebus
432 2135 630 2212 undetriginta
653 2137 772 2196 circiter
788 2143 816 2194 et
833 2137 997 2207 dimidiato,
1022 2138 1074 2198 sed

108 2226 136 2278 et
151 2218 205 2278 hos
220 2221 298 2278 inter
314 2236 345 2278 se
367 2219 515 2297 dispares,
543 2217 612 2280 alias
628 2219 792 2295 longiores,
819 2217 889 2279 alias
910 2220 1072 2282 breviores.

108 2311 137 2362 at
157 2304 315 2363 civitatium
337 2321 454 2363 menses
481 2303 527 2363 vel
548 2305 641 2381 magis
663 2320 786 2363 numero
808 2303 922 2364 dierum
943 2306 1020 2365 inter
1042 2324 1074 2366 se

55 2395 88 2445 25
107 2386 291 2464 discrepant,
315 2389 365 2448 sed
388 2388 450 2448 dies
472 2387 580 2466 ubique
603 2387 713 2448 babent
733 2393 819 2447 totos
851 2389 929 2466 apud
945 2389 1074 2450 Albanos
1092 2403 1112 2450 o

106 2473 230 2532 Martius
253 2479 297 2531 est
312 2490 363 2532 sex
384 2479 413 2531 et
433 2473 566 2548 triginta,
589 2473 682 2532 Maius
704 2472 805 2548 viginti
827 2472 933 2542 duum,
956 2472 1074 2534 Sextilis

106 2555 323 2630 duodeviginti,
346 2555 521 2632 September
542 2557 684 2616 sedecim:
708 2555 942 2617 Tusculanorum
959 2558 1073 2630 Quinti·

105 2639 141 2700 lis
157 2641 219 2700 dies
235 2639 324 2700 habet
338 2653 458 2710 xxxvl,
476 2639 604 2701 October
625 2655 736 2715 XXIIII,
753 2641 831 2702 idem
848 2640 978 2704 October·
993 2643 1072 2722 apud

106 2725 241 2786 Aricinos
265 2738 429 2784 XXXVIIII.
475 2726 597 2786 minime
617 2726 753 2786 videntur
775 2743 889 2787 errasse
905 2729 957 2804 qui
975 2729 1016 2789 ad.
1028 2727 1107 2789 lu-'l

56 2817 89 2868 30
107 2826 163 2869 nae
179 2827 299 2870 cursum
315 2828 435 2870 menses
451 2809 549 2870 civiles
564 2809 837 2881 adcommodarunt‚
855 2813 932 2872 utin
949 2813 1072 2872 Graecia

105 2892 255 2973 plerique,
278 2894 355 2972 apud
372 2913 445 2973 quos
468 2894 573 2955 allerni
589 2912 705 2956 menses
728 2895 764 2954 ad
779 2895 911 2954 tricenos
927 2895 988 2956 dies
1004 2904 1073 2955 sunt

173 3165 196 3212 2.
218 3175 321 3215 munos*
338 3163 371 3226 D,
392 3179 459 3213 eorr.
475 3165 494 3213 d
560 3167 584 3215 4.
604 3176 732 3214 mensium
750 3166 775 3213 D
794 3171 852 3216 onte
870 3180 922 3215 rae.
946 3166 979 3228 V,
997 3180 1072 3214 men-

105 3232 201 3280 somd
270 3231 309 3281 14.
333 3245 440 3294 parares
458 3232 516 3281 DV
582 3233 621 3282 16.
641 3231 769 3282 unbexxx
785 3233 842 3283 DV
907 3247 983 3296 pasce
1002 3231 1028 3294 (e
1047 3235 1073 3282 a'n

104 3297 170 3362 ros.)
189 3297 213 3346 D
283 3301 325 3348 16.
342 3313 441 3348 xxx—
455 3311 536 3348 unum
551 3315 583 3348 eo
595 3315 696 3350 xxx
707 3315 763 3350 xxx
782 3316 814 3350 ea
827 3300 894 3352 duos
912 3301 967 3348 DV
985 3299 1075 3362 (super

104 3366 212 3414 ultimum
233 3382 290 3415 xxx
312 3365 351 3415 V²
374 3368 434 3417 add.
457 3367 497 3432 ta)
568 3369 610 3419 22
633 3367 842 3434 unbarmqenoa
863 3368 889 3417 D
957 3368 998 3415 24.
1023 3379 1072 3415 nu·

6 3471 7 3500 p
106 3443 199 3482 menos
218 3434 243 3481 D
311 3435 353 3483 26.
378 3447 480 3499 ιιιᾳιιιιιι
497 3433 643 3497 Iduum,
666 3435 767 3500 uiginti
787 3440 814 3486 et
832 3435 914 3484 duum
931 3436 1003 3497 vulgo

105 3501 146 3552 27.
165 3515 307 3604 quoprtnes
327 3503 351 3550 D
