2560 3958
205 212 244 276 10
460 223 508 270 ne
530 222 592 268 om
614 221 746 270 aarum
768 220 842 269 car.
858 221 905 268 vx.
1255 257 1257 264 ,

202 383 269 426 rum
287 371 315 425 et
330 364 415 442 adipe
430 361 582 440 multaque
594 377 684 422 carne
695 378 792 422 mares
808 357 958 422 exhauriri
972 357 1170 437 respondent.

169 448 276 516 4illud
303 465 419 527 quoque
441 445 607 525 ambiguam
629 446 699 506 facit
724 447 803 506 inter
823 451 959 506 auctores
984 443 1170 521 opinionem,

203 542 344 594 utrumne
366 550 401 592 ex
423 533 513 612 patris
533 529 739 592 tantummodo
760 530 873 590 semine
893 535 995 607 partus
1017 534 1170 596 nascatur,

203 625 237 678 ut
252 617 396 694 Diogenes
418 623 447 676 et
461 616 578 694 Hippon
594 615 737 693 stoicique
751 614 950 692 scripserunt,
973 629 1011 674 an
1027 614 1114 672 etiam
1131 631 1171 673 ex

202 702 321 771 matris,
344 701 422 780 quod
442 701 633 777 Anaxagorae
655 707 684 760 et
698 698 867 760 Alcmaeoni
886 714 943 758 nec
963 713 1023 758 non
1045 695 1170 758 Parme·
1193 706 1212 755 5

203 785 265 846 nidi
280 783 511 864 Empedoclique
527 791 556 843 et
570 783 699 862 Epicuro
715 783 807 843 visum
825 789 877 842 est.

169 888 184 936 5
266 871 308 931 De
329 869 563 930 couiormatione
583 874 679 929 autem
695 874 797 946 partus
819 865 909 926 nihilo
931 867 1028 927 minus
1050 865 1170 926 definite

204 973 236 1015 se
261 955 337 1015 scire
356 953 516 1013 Alcmaeon
541 950 695 1024 contessus
717 957 775 1021 est,
805 958 887 1012 ratus
908 951 1056 1011 neminem
1079 968 1169 1030 posse

170 1039 376 1118 operspicere
398 1036 467 1117 quid
489 1036 617 1113 primum
639 1041 668 1096 in
688 1037 800 1096 infante
825 1035 980 1096 formetur.
1018 1034 1169 1112 Empedo-

204 1121 276 1191 cles,
294 1122 427 1200 quemin
444 1121 501 1181 boc
516 1118 687 1182 Aristoteles
702 1126 821 1182 secutus
837 1127 894 1188 est,
918 1126 985 1179 ante
1000 1120 1098 1180 omnia
1115 1137 1170 1179 cor
1192 1128 1225 1177 10

204 1204 340 1265 iudicavit
360 1206 543 1273 inerescere,
568 1205 648 1284 quod
667 1204 794 1272 hominis
815 1205 904 1264 vitam
923 1205 1050 1264 maxime
1072 1206 1168 1264 couti-

202 1296 285 1357 neat;
315 1288 431 1367 Hippon
452 1306 522 1350 vero
545 1296 648 1366 caput,
674 1291 705 1348 in
727 1306 785 1366 quo
808 1294 853 1348 est
874 1288 964 1348 animi
983 1287 1167 1366 principale;

202 1373 387 1434 Democritus
408 1371 502 1434 alvum
520 1390 587 1432 cum
603 1373 713 1449 capite,
733 1389 810 1448 quae
824 1371 990 1449 plurimum
1001 1370 1111 1432 babent
1131 1389 1169 1432 ex

201 1457 295 1524 inani;
324 1457 513 1534 Anaxagoras
536 1455 709 1526 cerebrum,
735 1456 815 1515 unde
841 1473 944 1516 omnes
964 1462 1033 1516 sunt
1052 1473 1167 1516 sensns.

202 1541 347 1618 Diogenes
371 1540 570 1620 Apolloniates
601 1559 646 1612 ex,
665 1557 770 1601 umore
796 1540 924 1618 primum
956 1556 1074 1601 carnem
1101 1540 1168 1600 lieri
1189 1547 1220 1596 15

203 1625 389 1695 existimarit,
411 1632 472 1686 tum
490 1644 525 1686 ex
541 1641 632 1686 carne
656 1641 721 1686 ossa
737 1641 903 1702 nervosque
924 1631 953 1684 et
968 1632 1082 1694 ceteras
1095 1641 1165 1702 par-

168 1715 245 1770 ates
268 1711 377 1770 enasci.
422 1717 452 1770 at
471 1711 556 1771 stoici
576 1727 634 1770 una
656 1716 751 1770 totum
779 1707 921 1768 infamem
943 1708 1066 1785 figurari
1085 1707 1167 1768 dixe-

202 1801 285 1864 runt,
316 1801 350 1855 nt
368 1811 426 1853 nna
448 1795 578 1853 nascitur
602 1791 757 1870 aliturque.
801 1800 870 1852 sunt
885 1793 936 1870 qui
957 1791 985 1852 id
1007 1793 1167 1870 opinentur

202 1879 264 1956 ipsa
280 1877 345 1937 lieri
360 1883 479 1948 natura,
496 1884 529 1937 ut
544 1874 716 1936 Aristoteles
731 1875 826 1954 adque
842 1875 1007 1954 Epicurus;
1021 1884 1099 1936 sunt
1116 1877 1167 1954 qui

201 1961 332 2038 potentia
353 1960 475 2038 spiritus
496 1977 597 2020 semen
619 1960 798 2029 comitantis,
826 1967 858 2024 ut
879 1961 962 2020 stoici
983 1960 1078 2020 ferme
1098 1960 1165 2021 uni·
1184 1969 1217 2018 20

201 2045 294 2104 versi:
318 2051 387 2104 snnt
398 2045 448 2122 qui
463 2044 627 2106 aetherium
644 2043 772 2106 calorem
788 2045 885 2105 inesse
901 2043 1097 2124 arbitrentur,
1116 2045 1166 2122 qui

200 2127 336 2189 membra
351 2128 499 2206 disponat,
515 2131 709 2205 Anaxagoran
724 2131 826 2189 secuti.

167 2222 183 2270 3
264 2210 430 2292 Utcumque
456 2221 555 2276 tamen
576 2215 720 2274 formatus
744 2213 841 2274 iulans
861 2211 1107 2292 quemadmodum
1135 2213 1164 2274 in

200 2299 304 2358 matris
318 2305 404 2358 utero
420 2296 528 2366 alatur,
551 2297 659 2376 duplex
674 2298 774 2375 opinio
790 2304 843 2358 est.
879 2297 1069 2375 Anaxagorae
1086 2297 1163 2359 enim

165 2415 168 2418 -
201 2382 365 2460 ceterisque
387 2380 579 2458 conpluribus
595 2399 649 2460 per
670 2380 841 2441 umbilicum
862 2380 946 2442 cibus
967 2381 1214 2442 administrante

200 2465 325 2526 videtur.
356 2473 386 2526 at
399 2465 546 2542 Diogenes
568 2475 597 2526 et
611 2465 728 2544 Hippon
750 2466 954 2526 existimarunt
971 2483 1035 2526 esse
1055 2467 1084 2525 in
1101 2465 1163 2526 alvo

200 2552 373 2624 prominens
395 2549 548 2629 quiddam,
572 2551 651 2628 qnod
673 2551 770 2610 inlaus
784 2568 843 2610 ore
863 2548 1066 2629 adprehendat
1085 2557 1162 2610 etex

269 2750 292 2801 1.
318 2747 422 2814 abtpam
444 2750 469 2797 D
537 2752 562 2801 4.
584 2749 705 2815 btogeuts
729 2751 755 2799 D
822 2750 934 2816 hxppou
958 2751 1165 2816 annotandis

200 2829 386 2868 scatasenuur
404 2817 429 2866 D
497 2819 521 2870 5.
539 2817 650 2880 matrim
673 2818 700 2866 V
714 2823 773 2867 ante
791 2833 853 2878 ras„
873 2818 968 2868 maliis
985 2835 1053 2870 corr.
1073 2822 1129 2868 lm.

199 2886 223 2934 6.
244 2883 447 2950 eupedocmque
464 2884 520 2934 DV
570 2884 685 2949 epicoao
697 2885 722 2933 D
791 2887 815 2936 7.
834 2883 866 2934 be
881 2899 1105 2937 conmxmartoue
1119 2883 1164 2950 (sic

197 2967 247 3016 pro
260 2952 489 3015 conformatione)
507 2979 541 2988 -
559 2964 647 3010 miuus
660 2952 714 3000 DV
731 2951 824 3002 lrabeat
842 2959 957 3004 extremo
975 2971 1032 3018 onp.
1047 2957 1062 3003 6
1080 2960 1105 3003 et
1114 2967 1162 3017 pro

199 3019 237 3067 bis
255 3019 302 3069 boe
319 3023 374 3070 Ioco
391 3025 488 3082 ponant
507 3033 578 3082 quae
597 3017 734 3070 dissensio
753 3035 789 3071 ear
806 3023 981 3084 cap.17,10;
999 3035 1068 3072 corr.
1080 3021 1162 3071 Laeb-

199 3101 302 3134 mannoe
324 3092 350 3135 et
372 3086 469 3135 Ichana
539 3088 580 3139 12.
604 3085 715 3151 hxppou
744 3087 771 3135 V
838 3090 877 3140 13.
903 3100 1054 3154 pcummum
1073 3089 1098 3138 D

201 3154 239 3201 14.
264 3153 321 3202 oms
344 3152 373 3201 V
392 3153 466 3215 (uota
481 3154 625 3216 compendii
641 3171 657 3204 a
674 3172 705 3204 na.
725 3153 753 3220 2)
823 3158 864 3208 lo.
878 3168 1089 3222 'apocctmares
1111 3155 1166 3204 DV

199 3218 310 3269 humore
334 3219 359 3268 V
427 3222 467 3272 l'l.
487 3220 588 3270 sthoici
609 3221 636 3270 V
703 3223 742 3274 18.
762 3227 857 3275 utam.
880 3223 904 3271 D
974 3226 1013 3274 19.
1034 3227 1119 3286 abque
1141 3221 1166 3271 V

200 3300 330 3351 eptcoaus
349 3288 374 3336 D
443 3289 483 3342 20.
503 3287 605 3338 sthoici
626 3289 657 3348 V,
675 3291 722 3340 sed
740 3289 758 3339 h
775 3293 825 3341 del.
844 3293 860 3340 1
877 3306 908 3340 aa.
977 3302 1089 3340 uutuent
1112 3289 1164 3340 DV

146 3388 147 3392 ,
199 3357 239 3404 21.
258 3354 420 3404 aerbertum
440 3352 639 3419 (adieras.)
658 3359 696 3415 D,
722 3357 855 3408 etherium
879 3358 907 3406 V
972 3368 1161 3408 autraeuoun

198 3423 223 3471 D
240 3429 299 3473 onte
317 3438 384 3480 rac„
403 3430 431 3472 ot
447 3425 558 3487 cicietur,
578 3423 747 3474 arbitrantur
766 3425 818 3474 dV
884 3427 926 3478 26.
944 3425 1058 3491 hyppun.
1073 3425 1102 3476 V

140 3549 145 3560 Ι
197 3490 238 3540 at.
258 3489 473 3561 abpaqeheubau
489 3491 533 3566 ‘D‘
584 3493 612 3542 et
629 3506 676 3542 om.
694 3489 751 3540 DV
