2560 3958
188 181 232 250 58
487 197 693 248 rnacnnnrr
716 199 791 248 cue.
808 199 859 246 111.
903 185 906 194 '

193 339 306 402 caelum
323 345 353 400 et
371 339 401 398 in
418 345 502 400 ortus
516 337 590 399 caeli
604 345 688 409 eunt,
712 339 765 400 sed
781 337 884 400 mundi
898 336 1049 416 celeritate
1066 336 1177 400 victae.

194 423 330 486 occidere
349 423 486 484 videntur
506 441 572 484 cum
595 441 646 494 eo,
676 425 810 500 quamvis
831 439 954 484 cursum
980 438 1068 484 snum
1089 439 1160 500 per·

156 517 176 566 n
192 514 289 585 agant.
318 505 363 587 pol
379 509 541 594 maximum
555 507 638 570 sidus
657 508 787 569 aetheris
802 507 893 570 modii
908 505 1000 566 limite
1021 505 1158 584 ignescit,

190 591 314 670 siugulis
329 591 434 652 diebus
455 601 485 653 ot
498 591 636 653 noctibus
651 594 766 672 peragit
781 590 912 670 singulas
931 597 1046 674 partes,
1066 591 1159 668 signi·

190 676 287 738 terum
314 677 448 756 pervadit
473 695 560 738 anno.
605 675 673 738 luna
700 675 737 737 da
764 674 826 738 sole
851 675 1035 746 flammatur,
1066 675 1195 738 ambite

191 762 317 822 circuitu
343 761 514 822 brevissimo
540 768 651 822 terram
671 762 790 840 triginta
812 759 931 831 diebus,
963 759 1037 824 adeo
1064 760 1157 821 vicina

189 846 293 906 vertici
304 852 403 906 terrae
417 848 585 924 iunctaque,
602 852 634 906 ut
649 847 679 906 in
691 845 828 908 umbram
844 846 906 907 eius
920 845 1054 906 incidere
1065 843 1160 909 soleat
1269 857 1270 862 ’

190 939 219 991 et
239 930 332 991 videri
352 930 488 992 deficere.
535 930 637 991 eadem
660 947 729 991 cum
751 931 841 992 subiit
863 927 955 990 solem
981 937 1011 990 et
1030 928 1160 993 substitit
1269 955 1270 1004 t

188 1015 294 1085 radiis,
322 1015 391 1076 iacit
412 1013 666 1084 obscurationem,
694 1033 770 1094 quae
790 1014 915 1076 defectio
935 1012 1007 1074 solis
1028 1013 1156 1076 videtur.
1269 1017 1270 1068 t

189 1099 308 1160 interim
323 1107 421 1160 tamen
437 1117 508 1160 cava
528 1099 717 1178 paucioribus
733 1117 820 1178 quarn
844 1100 962 1178 triginta
978 1096 1083 1160 diebus
1098 1099 1157 1158 eir·
1177 1109 1211 1160 10
1268 1127 1270 1180 5

156 1183 289 1244 sculum
310 1201 395 1244 suum
418 1184 530 1244 transit.
569 1183 689 1244 Saturni
710 1183 794 1245 stella
811 1183 1040 1262 permaximum
1060 1181 1156 1244 ambi·

188 1275 252 1328 tum
267 1267 378 1336 fertur,
397 1267 524 1347 ideoque
546 1269 668 1328 tricenis
682 1267 834 1330 mensibus
848 1266 975 1346 singuiis
996 1267 1087 1346 signis
1108 1284 1158 1328 re·

188 1353 278 1422 sistit,
300 1369 356 1430 per
369 1353 488 1430 triginta
508 1369 602 1412 anuos
621 1351 793 1430 signiferum
809 1353 982 1432 pertransit,
1004 1351 1111 1430 frigida
1128 1357 1158 1412 et

189 1436 311 1506 sterilis,
332 1436 490 1496 infecundo
504 1437 608 1503 terris,
630 1436 818 1498 nascentibus
840 1455 897 1498 non
915 1435 1064 1507 saluteris,
1087 1436 1158 1498 iacit

188 1521 309 1582 adversa
323 1519 462 1582 diuturna
478 1537 534 1581 nec
549 1519 655 1581 subita.
691 1521 767 1583 lovis
782 1519 865 1584 stolia
880 1523 910 1582 in
926 1520 1049 1599 singulis
1064 1521 1157 1599 signis
1176 1531 1209 1580 lo
1269 1515 1270 1596 ᾗ

189 1612 395 1674 oenomaum,
416 1604 589 1683 signiferum
605 1604 760 1668 duodecim
782 1608 867 1668 annis
888 1605 996 1676 evadit,
1020 1605 1157 1668 salutaris

155 1696 172 1744 4
192 1695 220 1749 ot
234 1697 397 1767 temperata
413 1699 443 1751 et
457 1690 602 1752 universis
618 1689 757 1752 euntibus
772 1707 926 1771 prospera.
956 1689 1056 1751 Martis
1072 1687 1156 1753 stella

189 1790 249 1834 noo
270 1773 375 1834 eodem
396 1775 490 1852 spatio
511 1775 603 1850 signis
623 1773 745 1853 singulis
767 1775 883 1845 haeret,
907 1773 958 1836 sed
980 1773 1155 1851 signiierum

188 1875 294 1918 novem
310 1857 374 1919 iere
389 1859 473 1918 annis
488 1864 679 1936 pervagatur,
696 1860 783 1936 ignea
798 1861 999 1937 intemperans
1014 1867 1044 1921 et
1058 1860 1088 1920 in
1103 1858 1155 1919 ad·
1269 1927 1270 1942 χ

188 1943 281 2002 versis
303 1949 333 2001 et
346 1943 377 2001 in
393 1938 567 2002 mortalibus
582 1941 692 2012 subita,
716 1942 762 2003 vei
782 1943 850 2005 serit
864 1945 1027 2021 repentinis
1042 1942 1155 2003 morbis
1174 1954 1209 2003 20

188 2024 234 2085 vel
254 2024 335 2086 terro
355 2025 482 2104 perimit.
528 2024 630 2088 stellae
651 2027 779 2088 Mercuri
802 2035 831 2089 et
850 2029 973 2090 Veneris
994 2026 1086 2090 solem
1108 2045 1155 2088 se·
1269 2083 1270 2106 ,

155 2115 319 2189 tquuntur
340 2109 503 2190 eademque
530 2112 622 2190 spatia
643 2111 821 2175 custodiunt.
863 2112 992 2175 Mercuri
1018 2111 1101 2174 stella
1122 2111 1156 2172 fit
1269 2117 1270 2196 t

188 2193 291 2257 similis
304 2193 347 2256 iiii
362 2212 450 2274 qnam
466 2195 559 2266 videt,
576 2195 697 2257 Veneris
712 2198 849 2276 genitalis
865 2210 895 2260 et
908 2198 1026 2260 roscida
1041 2205 1071 2258 et
1083 2215 1155 2278 pro·
1255 2245 1270 2283 „

187 2297 274 2358 sporn
302 2287 331 2340 et
350 2279 495 2342 salutaris.
538 2279 608 2342 luna
629 2280 749 2358 globum
769 2300 855 2344 suum
881 2283 1012 2344 creditur
1031 2281 1153 2352 habere,
1269 2279 1270 2316 ¹

187 2363 238 2424 sed
265 2364 364 2439 ignem
390 2381 405 2424 a
427 2363 489 2426 sole
511 2367 669 2443 concipere
695 2374 725 2427 et
749 2376 890 2446 quantum
916 2367 1080 2448 percutitur
1105 2374 1154 2427 ar·
1172 2378 1207 2428 25

187 2447 318 2509 descere.
359 2456 501 2528 quantum
522 2451 611 2530 igitur
632 2469 648 2513 a
670 2449 733 2514 sole
755 2451 891 2523 discedit,
917 2459 1055 2530 augetur:
1086 2468 1155 2512 curn
1269 2471 1270 2492 ¹

187 2549 257 2594 vero
279 2537 489 2605 contrasistit,
513 2543 575 2596 toto
590 2536 696 2598 teritur
711 2537 835 2599 adverso
856 2546 886 2598 et
899 2537 978 2599 reiut
998 2534 1154 2615 speculum

186 2633 246 2676 non
265 2617 339 2686 rim,
366 2618 418 2678 sed
440 2619 598 2696 imaginem
619 2621 726 2684 reddit.
770 2622 828 2684 hac
847 2623 982 2684 universa
1004 2621 1154 2699 gignentia

153 2706 167 2755 c
187 2707 339 2760 crescente
354 2700 534 2779 pubescunt,
556 2711 746 2768 tenucseente
760 2715 931 2770 tenuantur.
962 2723 1049 2766 umor
1064 2706 1152 2766 etiam
1269 2771 1270 2778 χ

186 2791 216 2845 et
230 2785 352 2862 spiritns
367 2787 464 2846 omnis
479 2788 623 2865 augescit;
645 2792 782 2850 tumescit
796 2809 938 2860 oceanus,
961 2789 1068 2852 deinde
1084 2808 1152 2852 cum
1171 2803 1206 2853 30
1269 2783 1270 2794 ’

253 3005 278 3054 5.
298 3017 398 3056 anunm
416 3007 481 3069 DV,
500 3022 569 3060 corr,
587 3007 710 3057 Gauobim
779 3011 803 3062 6.
822 3025 927 3061 remane
947 3007 974 3072 (e
991 3012 1017 3060 in
1034 3007 1098 3071 rna.)
1117 3010 1152 3070 D,

183 3075 275 3120 terroe
298 3073 326 3120 V
390 3075 433 3124 13.
450 3088 519 3124 anos
537 3071 618 3136 (corr.
637 3089 668 3126 m.
686 3074 753 3139 rec.)
776 3077 803 3125 V
868 3081 909 3129 14.
928 3091 1057 3129 arescere
1074 3078 1100 3127 D

161 3187 164 3193 ,
185 3139 225 3188 15.
245 3136 347 3188 brunna
364 3141 427 3202 DV,
446 3156 514 3192 corr.
533 3141 631 3192 labans
687 3155 758 3194 tonos
776 3145 814 3206 D,
834 3148 941 3197 carnii
1009 3147 1049 3200 l't.
1069 3159 1154 3196 even-

184 3206 260 3256 tibus
277 3207 343 3258 coni.
363 3207 486 3258 Canuleius
555 3211 595 3260 19.
614 3209 687 3261 ferra
709 3213 735 3261 V
801 3214 843 3264 20.
862 3213 930 3264 ferit
947 3213 1049 3276 Carrio,
1068 3226 1152 3278 pentr

121 3326 128 3338 .
184 3273 240 3322 DV
306 3275 348 3329 21.
367 3288 472 3325 snecta
488 3277 555 3340 DV,
580 3278 650 3342 quod
663 3279 777 3341 forsitan
798 3282 933 3344 scripserit
949 3282 1006 3344 ipse
1027 3285 1152 3345 epdoma-

183 3349 226 3390 tor
294 3345 473 3406 marcuart),
497 3345 628 3395 mercurii
654 3346 681 3394 V
746 3351 891 3412 sequnrnn'
911 3349 949 3411 D,
973 3351 1084 3399 camd

183 3410 225 3460 22.
243 3411 371 3462 mercurii
393 3411 418 3460 V
485 3411 743 3463 antonomum
765 3415 789 3464 V
806 3429 842 3466 em
858 3414 926 3465 luna
995 3415 1103 3467 creditu
1117 3423 1152 3466 ‚et

182 3493 199 3526 n
217 3480 233 3527 2
251 3493 281 3528 m.
300 3478 407 3530 creditu
428 3481 458 3530 V
519 3481 562 3532 29.
579 3494 741 3545 puaescenr
758 3483 783 3531 D
