2560 3958
371 185 376 194 ’
407 203 614 252 cucusum
636 204 712 252 car.
728 205 779 252 111.
1037 192 1079 257 57

79 406 86 419 ¹
110 345 226 423 busque
249 342 404 422 anbpodas
424 343 500 403 inira
520 342 624 425 sunt],
655 344 734 422 quod
762 351 797 406 ut
819 361 909 424 posse
933 345 1078 416 videatur,

111 428 242 490 alliciunt
256 428 351 490 llexus
366 427 611 506 obliquitatesque
626 437 784 490 terrarum.
807 427 986 510 [anticiones
1001 430 1080 492 idem

110 520 140 572 et
155 512 319 575 antistocbe
335 520 365 573 et
379 514 527 589 autiscepe
541 511 758 593 nominamus]
801 562 805 578 ,
952 573 960 600 ¹

173 596 278 676 Incipit
304 596 428 675 signifer
447 613 507 657 nou
528 595 568 656 ab
593 603 727 658 extremo
753 597 865 659 circulo
887 616 943 660 nec
968 600 1005 660 od
1029 618 1079 661 ex-

77 691 92 740 5
110 690 240 742 tremum
260 682 457 763 pertenditur,
480 682 531 742 sed
554 681 590 741 ab
611 682 713 742 infimo
728 684 844 762 tropico
865 683 986 744 australi
1006 684 1079 746 bru·

110 764 240 846 malique
267 765 372 828 eodem
392 784 447 846 per
473 765 718 843 aequinoctialem
745 767 782 827 ad
803 785 949 828 summam
972 768 1078 830 solisti-

109 849 210 912 tialem
240 850 427 930 eundemque
457 850 624 912 aestivalem
649 869 706 930 per
730 851 860 913 medium
886 851 1080 930 longitudinis

109 933 333 1016 latitudinisque
360 942 518 1013 porrectus
547 939 580 996 in
609 933 773 1014 obliquum.
818 935 921 998 circuli
947 937 1112 1015 signiferis

110 1028 210 1096 partes
225 1032 356 1088 ccoux,
376 1021 460 1099 signa
477 1019 649 1089 duodecim,
671 1022 801 1098 partium
816 1020 931 1099 singula
953 1023 1078 1083 tricena-

58 1118 92 1165 10
109 1121 191 1174 rum,
222 1121 350 1183 quorum
370 1104 516 1184 quaedam
535 1105 668 1173 minora,
699 1105 842 1181 quaedam
864 1105 1006 1184 ampliora
1028 1105 1080 1186 [et

109 1187 240 1267 tpoptoe
261 1189 384 1250 analora
407 1187 583 1268 dicuntur]:
612 1189 664 1248 sed
685 1189 874 1268 conpensatio
894 1195 926 1252 in
948 1192 1080 1270 quinque

110 1278 211 1349 partes
232 1273 364 1334 creditur
383 1272 539 1350 adplicari,
570 1280 603 1334 ut
622 1274 681 1334 sint
702 1291 808 1335 omnes
828 1275 1080 1354 signiferipartes

109 1367 256 1418 eccm.
286 1357 394 1418 borum
409 1358 578 1437 incipientia
593 1357 632 1418 ab
648 1359 739 1418 ariete
754 1358 845 1420 altera
861 1365 932 1420 sunt
947 1358 1078 1440 [mascu-

110 1438 178 1501 linis
204 1440 365 1524 femininis]
398 1441 597 1504 masculorum
625 1441 786 1513 natalibus,
817 1442 873 1504 alia
900 1443 1079 1506 laminarum

58 1539 92 1588 15
111 1527 324 1587 convenientia.
368 1528 439 1588 item
461 1534 601 1604 quartum
620 1526 759 1606 quodque
787 1545 889 1589 corum
917 1536 969 1590 aut
986 1530 1114 1608 tropi-6

111 1627 179 1670 cum
200 1618 250 1671 aut
271 1609 398 1670 solidum
424 1617 475 1672 aut
496 1609 635 1670 biforme.
679 1611 802 1688 incipiet
823 1611 1019 1673 dinumeratio
1041 1612 1078 1671 ab

110 1695 220 1762 ariete,
243 1693 322 1772 quod
338 1695 454 1770 siguum
476 1695 625 1772 tropicum
642 1701 696 1755 est.
732 1695 916 1772 trepidorum
932 1695 991 1756 duo
1012 1703 1081 1756 sunt

111 1778 347 1856 aequinoctialia,
364 1783 491 1840 arieset
503 1777 597 1849 libra,
614 1778 673 1841 duo
689 1777 869 1849 solistitialia,
887 1781 1082 1859 capricornus

112 1869 141 1922 et
153 1877 270 1934 cancer,
286 1863 409 1941 tropicis
423 1863 558 1942 proxima
574 1863 676 1935 solida,
693 1865 855 1943 anteposita
871 1863 916 1924 bis
932 1863 1079 1925 biformia.

59 2069 92 2118 20
262 2063 313 2114 DE
331 2061 484 2116 suntme
502 2063 599 2116 mis
617 2063 921 2118 autumaremus
1095 2057 1115 2115 3

176 2197 334 2260 Stellarum
359 2197 433 2260 aliae
461 2216 528 2259 cum
556 2198 638 2258 caelo
664 2199 816 2269 seruntur,
846 2200 973 2276 ideoque
1000 2200 1081 2276 quod

111 2298 171 2341 nou
194 2283 340 2345 excedunt
361 2302 431 2344 suos
450 2281 534 2343 moos
555 2283 630 2342 fixae
651 2283 855 2354 nominantur,
883 2283 956 2344 aliae
977 2293 1080 2344 contra

111 2407 315 2420 m

179 2470 204 2515 2.
228 2469 305 2518 voluit
325 2469 453 2532 plueretur
476 2467 671 2518 antichthones
692 2467 766 2519 idem
784 2472 814 2518 et
836 2466 1029 2519 andstoecboe
1053 2473 1082 2519 at

112 2533 275 2598 andscopoe
301 2533 480 2587 nominantur
547 2537 717 2586 auuieuoues
739 2536 778 2595 D,
809 2536 963 2586 antistonea
989 2535 1018 2586 V

111 2604 136 2652 3.
156 2601 311 2654 autietoehe
329 2601 399 2670 (qm.
412 2601 478 2664 rec.)
501 2605 529 2652 et
547 2601 672 2654 antioche
693 2619 708 2654 e
727 2602 796 2672 (pm.
809 2602 874 2668 rec.)
896 2604 925 2655 V
989 2605 1013 2653 b.
1033 2602 1081 2656 aad

111 2680 224 2720 *statmo
236 2667 269 2731 D,
289 2667 338 2720 sed
357 2669 391 2720 ab
410 2669 506 2718 intimo
518 2670 572 2733 dV,
591 2669 640 2721 sed
659 2619 694 2722 αἱ
712 2669 767 2722 imo
784 2674 856 2736 vrdpo
908 2671 1081 2736 brumamque

111 2735 348 2804 (brumdtnros.)
362 2737 387 2785 D
455 2737 479 2788 6.
497 2735 672 2788 solstitialem
693 2738 719 2788 V
786 2739 810 2790 7.
830 2737 1080 2804 aouqrrubcurbts

111 2802 350 2869 nartuubtutsq.D
418 2805 444 2858 8.
457 2804 589 2856 meridiati
639 2805 770 2870 obliquae
781 2807 860 2861 aetat.
874 2807 1001 2868 Hennaea..
1013 2807 1082 2856 aude

112 2872 253 2923 Urticbsius
271 2872 383 2935 oblique
434 2871 527 2922 cuculi
549 2873 573 2922 V
578 2872 586 2906 ¹
605 2889 678 2924 corr.
694 2875 755 2926 m.2
825 2877 865 2926 11.
884 2887 1079 2938 popae-onua-

112 2953 186 2989 aoaa
204 2937 242 2999 D,
261 2939 343 3003 poplo
364 2954 435 2989 aena
453 2939 515 2989 fora
537 2942 564 2990 V
565 2976 573 3004 ‚
592 2939 676 3005 polon
694 2939 837 3005 anaphora
853 2943 920 2990 coni.
940 2940 1081 2991 [salictarius

164 3004 272 3067 drauum
291 3007 324 3068 D,
343 3005 440 3056 dicunt
461 3007 489 3056 V
534 3008 565 3058 iu
582 3009 674 3060 addi&
724 3003 783 3057 ⁴12.
802 3007 945 3072 adplicare
967 3009 993 3058 V
1006 3011 1079 3074 calpa

113 3075 158 3125 ta.
175 3075 263 3123 ansati
278 3071 330 3138 (eti
347 3075 402 3124 dia
413 3073 479 3134 ras.)
498 3074 523 3122 D
593 3079 622 3126 et
637 3072 802 3126 masculinis
821 3074 932 3126 leminis
954 3074 987 3137 V,
1005 3077 1080 3127 eiecit

114 3141 255 3192 Urticdsius
324 3143 363 3190 14.
381 3138 524 3192 natalibus
540 3141 619 3194 schol.
639 3144 732 3204 Germ,
751 3157 944 3194 uaruaamsus
962 3143 1020 3194 DV

113 3210 154 3260 15.
173 3209 254 3273 partit
275 3209 312 3265 lin
328 3223 408 3273 marp.
427 3223 458 3262 m.
475 3223 527 3258 rec.
546 3209 657 3274 quartia)
677 3225 771 3262 eorum
788 3225 868 3277 quoq;
891 3213 918 3263 V
984 3213 1025 3261 ts.
1043 3225 1080 3262 ur

112 3275 245 3328 demuma
262 3276 301 3340 D,
330 3279 380 3326 aut
400 3274 522 3326 deforme
544 3277 612 3341 dV,
639 3273 709 3328 corr.
727 3279 851 3330 Danubius
921 3281 962 3332 to.
986 3279 1081 3341 aequi·
1143 3334 1149 3346 .

112 3339 229 3394 nbctisli
250 3345 278 3393 V
342 3344 417 3395 aries
440 3359 487 3394 om.
505 3345 563 3394 DV
627 3341 716 3396 librae
733 3345 786 3396 duo
804 3345 967 3398 solstitialia
989 3346 1018 3394 V
1021 3351 1026 3362 '

113 3412 154 3462 aa.
173 3421 290 3462 mutina
307 3412 366 3462 DV
429 3410 572 3462 beroamts
588 3411 646 3462 DV
711 3415 753 3463 20.
772 3426 876 3463 artatis
893 3413 919 3462 D
989 3425 1081 3460 errau-

111 3477 187 3529 tibus
204 3478 316 3538 labans,-
334 3494 380 3546 epo
397 3481 478 3530 malim
495 3479 667 3546 vagantibus
684 3483 742 3533 coll.
759 3497 786 3544 p.
799 3482 869 3540 59,1
