<?xml version="1.0" encoding="UTF-8"?>
<!DOCTYPE html PUBLIC "-//W3C//DTD XHTML 1.0 Transitional//EN"
    "http://www.w3.org/TR/xhtml1/DTD/xhtml1-transitional.dtd">
<html xmlns="http://www.w3.org/1999/xhtml" xml:lang="en" lang="en">
 <head>
  <title>
</title>
<meta http-equiv="Content-Type" content="text/html;charset=utf-8" />
  <meta name='ocr-system' content='tesseract 3.04.00' />
  <meta name='ocr-capabilities' content='ocr_page ocr_carea ocr_par ocr_line ocrx_word'/>
</head>
<body>
  <div class='ocr_page' id='page_1' title='image "./censorinidedien00censgoog_0067.png"; bbox 0 0 2560 3958; ppageno 0'>
   <div class='ocr_carea' id='block_1_1' title="bbox 196 185 921 250">
    <p class='ocr_par' dir='ltr' id='par_1_1' title="bbox 196 185 921 250">
     <span class='ocr_line' id='line_1_1' title="bbox 196 185 921 250; baseline -0.008 0"><span class='ocrx_word' id='word_1_1' title='bbox 196 185 238 250; x_wconf 89' lang='lat'>48</span> <span class='ocrx_word' id='word_1_2' title='bbox 433 199 480 246; x_wconf 83' lang='lat' dir='ltr'>nu</span> <span class='ocrx_word' id='word_1_3' title='bbox 504 199 564 246; x_wconf 80' lang='lat' dir='ltr'>nus</span> <span class='ocrx_word' id='word_1_4' title='bbox 587 197 720 246; x_wconf 75' lang='lat' dir='ltr'>uanam</span> <span class='ocrx_word' id='word_1_5' title='bbox 743 197 817 245; x_wconf 80' lang='lat' dir='ltr'>car.</span> <span class='ocrx_word' id='word_1_6' title='bbox 833 199 921 246; x_wconf 83' lang='lat' dir='ltr'>xxn.</span> 
     </span>
    </p>
   </div>
   <div class='ocr_carea' id='block_1_2' title="bbox 164 315 1274 1347">
    <p class='ocr_par' dir='ltr' id='par_1_2' title="bbox 164 315 1274 908">
     <span class='ocr_line' id='line_1_2' title="bbox 164 315 1167 418; baseline -0.002 -18"><span class='ocrx_word' id='word_1_7' title='bbox 164 340 279 402; x_wconf 74' lang='lat' dir='ltr'>slacti.</span> <span class='ocrx_word' id='word_1_8' title='bbox 322 339 450 399; x_wconf 88' lang='lat' dir='ltr'>maiores</span> <span class='ocrx_word' id='word_1_9' title='bbox 472 356 590 418; x_wconf 89' lang='lat' dir='ltr'>quoquc</span> <span class='ocrx_word' id='word_1_10' title='bbox 607 339 704 399; x_wconf 86' lang='lat' dir='ltr'>&#39;nostri</span> <span class='ocrx_word' id='word_1_11' title='bbox 726 339 804 400; x_wconf 90' lang='lat' dir='ltr'>idem</span> <span class='ocrx_word' id='word_1_12' title='bbox 826 315 895 398; x_wconf 69' lang='lat' dir='ltr'>s&#39;unt</span> <span class='ocrx_word' id='word_1_13' title='bbox 915 335 1067 406; x_wconf 90' lang='lat' dir='ltr'>aemulati,</span> <span class='ocrx_word' id='word_1_14' title='bbox 1098 354 1167 398; x_wconf 89' lang='lat' dir='ltr'>cnm</span> 
     </span>
     <span class='ocr_line' id='line_1_3' title="bbox 198 419 1168 486; baseline -0.003 -1"><span class='ocrx_word' id='word_1_15' title='bbox 198 441 315 486; x_wconf 91' lang='lat' dir='ltr'>annum</span> <span class='ocrx_word' id='word_1_16' title='bbox 331 423 447 484; x_wconf 92' lang='lat' dir='ltr'>dierum</span> <span class='ocrx_word' id='word_1_17' title='bbox 468 435 576 484; x_wconf 79' lang='lat' dir='ltr'>cccnv</span> <span class='ocrx_word' id='word_1_18' title='bbox 603 423 756 484; x_wconf 77' lang='lat' dir='ltr'>haherent.</span> <span class='ocrx_word' id='word_1_19' title='bbox 802 421 852 482; x_wconf 91' lang='lat' dir='ltr'>sed</span> <span class='ocrx_word' id='word_1_20' title='bbox 875 422 962 482; x_wconf 87' lang='lat' dir='ltr'>Divus</span> <span class='ocrx_word' id='word_1_21' title='bbox 986 419 1078 481; x_wconf 92' lang='lat' dir='ltr'>lulius</span> <span class='ocrx_word' id='word_1_22' title='bbox 1099 439 1168 482; x_wconf 88' lang='lat' dir='ltr'>curn</span> 
     </span>
     <span class='ocr_line' id='line_1_4' title="bbox 198 507 1169 587; baseline -0.002 -18"><span class='ocrx_word' id='word_1_23' title='bbox 198 507 312 570; x_wconf 87' lang='lat' dir='ltr'>videret</span> <span class='ocrx_word' id='word_1_24' title='bbox 331 507 388 568; x_wconf 88' lang='lat' dir='ltr'>hac</span> <span class='ocrx_word' id='word_1_25' title='bbox 400 508 524 583; x_wconf 25' lang='lat' dir='ltr'>&#39;ratione</span> <span class='ocrx_word' id='word_1_26' title='bbox 543 526 641 587; x_wconf 88' lang='lat' dir='ltr'>neque</span> <span class='ocrx_word' id='word_1_27' title='bbox 662 507 698 568; x_wconf 92' lang='lat' dir='ltr'>ad</span> <span class='ocrx_word' id='word_1_28' title='bbox 719 507 819 568; x_wconf 89' lang='lat' dir='ltr'>lunam</span> <span class='ocrx_word' id='word_1_29' title='bbox 835 523 967 575; x_wconf 89' lang='lat' dir='ltr'>menses,</span> <span class='ocrx_word' id='word_1_30' title='bbox 995 513 1027 566; x_wconf 87' lang='lat' dir='ltr'>ut</span> <span class='ocrx_word' id='word_1_31' title='bbox 1048 512 1169 584; x_wconf 88' lang='lat' dir='ltr'>oporte·</span> 
     </span>
     <span class='ocr_line' id='line_1_5' title="bbox 198 588 1274 670; baseline -0.004 -16"><span class='ocrx_word' id='word_1_32' title='bbox 198 593 266 666; x_wconf 92' lang='lat' dir='ltr'>bat,</span> <span class='ocrx_word' id='word_1_33' title='bbox 282 609 379 670; x_wconf 85' lang='lat' dir='ltr'>nequo</span> <span class='ocrx_word' id='word_1_34' title='bbox 394 610 488 654; x_wconf 90' lang='lat' dir='ltr'>annos</span> <span class='ocrx_word' id='word_1_35' title='bbox 503 592 540 652; x_wconf 93' lang='lat' dir='ltr'>ad</span> <span class='ocrx_word' id='word_1_36' title='bbox 556 592 647 653; x_wconf 90' lang='lat' dir='ltr'>solem</span> <span class='ocrx_word' id='word_1_37' title='bbox 663 593 838 658; x_wconf 86' lang='lat' dir='ltr'>convenire,</span> <span class='ocrx_word' id='word_1_38' title='bbox 855 588 959 650; x_wconf 87' lang='lat' dir='ltr'>maluit</span> <span class='ocrx_word' id='word_1_39' title='bbox 974 607 1084 650; x_wconf 88' lang='lat' dir='ltr'>annum</span> <span class='ocrx_word' id='word_1_40' title='bbox 1101 607 1169 650; x_wconf 90' lang='lat' dir='ltr'>cor·</span> <span class='ocrx_word' id='word_1_41' title='bbox 1273 633 1274 638; x_wconf 19' lang='grc' dir='ltr'>η</span> 
     </span>
     <span class='ocr_line' id='line_1_6' title="bbox 199 672 1206 754; baseline -0.002 -16"><span class='ocrx_word' id='word_1_42' title='bbox 199 680 313 754; x_wconf 82' lang='lat' dir='ltr'>rigere,</span> <span class='ocrx_word' id='word_1_43' title='bbox 344 684 376 737; x_wconf 93' lang='lat' dir='ltr'>ut</span> <span class='ocrx_word' id='word_1_44' title='bbox 397 678 439 738; x_wconf 91' lang='lat' dir='ltr'>sic</span> <span class='ocrx_word' id='word_1_45' title='bbox 461 677 548 738; x_wconf 86' lang='lat' dir='ltr'>etiam</span> <span class='ocrx_word' id='word_1_46' title='bbox 571 695 689 738; x_wconf 89' lang='lat' dir='ltr'>menses</span> <span class='ocrx_word' id='word_1_47' title='bbox 710 675 809 737; x_wconf 88' lang='lat' dir='ltr'>civiles</span> <span class='ocrx_word' id='word_1_48' title='bbox 830 693 899 734; x_wconf 90' lang='lat' dir='ltr'>cum</span> <span class='ocrx_word' id='word_1_49' title='bbox 920 675 996 736; x_wconf 90' lang='lat' dir='ltr'>veris</span> <span class='ocrx_word' id='word_1_50' title='bbox 1016 673 1074 734; x_wconf 91' lang='lat' dir='ltr'>illis</span> <span class='ocrx_word' id='word_1_51' title='bbox 1090 672 1168 735; x_wconf 85' lang='lat' dir='ltr'>sola·</span> <span class='ocrx_word' id='word_1_52' title='bbox 1189 684 1206 736; x_wconf 76' lang='grc' dir='ltr'>ὁ</span> 
     </span>
     <span class='ocr_line' id='line_1_7' title="bbox 198 759 1170 840; baseline -0.004 -16"><span class='ocrx_word' id='word_1_53' title='bbox 198 761 296 832; x_wconf 88' lang='lat' dir='ltr'>ribus,</span> <span class='ocrx_word' id='word_1_54' title='bbox 328 763 382 821; x_wconf 92' lang='lat' dir='ltr'>etsi</span> <span class='ocrx_word' id='word_1_55' title='bbox 405 779 464 821; x_wconf 88' lang='lat' dir='ltr'>non</span> <span class='ocrx_word' id='word_1_56' title='bbox 487 761 609 840; x_wconf 85' lang='lat' dir='ltr'><strong>singuli,</strong></span> <span class='ocrx_word' id='word_1_57' title='bbox 640 768 739 822; x_wconf 91' lang='lat' dir='ltr'>tamen</span> <span class='ocrx_word' id='word_1_58' title='bbox 760 759 888 823; x_wconf 86' lang='lat' dir='ltr'>universi</span> <span class='ocrx_word' id='word_1_59' title='bbox 917 759 954 819; x_wconf 90' lang='lat' dir='ltr'>ad</span> <span class='ocrx_word' id='word_1_60' title='bbox 982 760 1051 819; x_wconf 92' lang='lat' dir='ltr'>anni</span> <span class='ocrx_word' id='word_1_61' title='bbox 1078 759 1170 820; x_wconf 90' lang='lat' dir='ltr'>finem</span> 
     </span>
     <span class='ocr_line' id='line_1_8' title="bbox 199 848 607 908; baseline -0.007 0"><span class='ocrx_word' id='word_1_62' title='bbox 199 848 368 908; x_wconf 88' lang='lat' dir='ltr'>necessario</span> <span class='ocrx_word' id='word_1_63' title='bbox 384 855 607 907; x_wconf 81' lang='lat' dir='ltr'>concurrerent.</span> 
     </span>
    </p>

    <p class='ocr_par' dir='ltr' id='par_1_3' title="bbox 164 926 1274 1370">
     <span class='ocr_line' id='line_1_9' title="bbox 164 926 1169 1008; baseline -0.001 -19"><span class='ocrx_word' id='word_1_64' title='bbox 164 941 182 989; x_wconf 81' lang='lat' dir='ltr'>a</span> <span class='ocrx_word' id='word_1_65' title='bbox 264 930 387 991; x_wconf 81' lang='lat' dir='ltr'><strong>Nomina</strong></span> <span class='ocrx_word' id='word_1_66' title='bbox 415 931 517 990; x_wconf 87' lang='lat' dir='ltr'>decem</span> <span class='ocrx_word' id='word_1_67' title='bbox 543 929 695 990; x_wconf 88' lang='lat' dir='ltr'>mensibus</span> <span class='ocrx_word' id='word_1_68' title='bbox 722 929 850 1008; x_wconf 78' lang='lat' dir='ltr'><strong>antiquis</strong></span> <span class='ocrx_word' id='word_1_69' title='bbox 873 926 1033 988; x_wconf 83' lang='lat' dir='ltr'><strong>Romulum</strong></span> <span class='ocrx_word' id='word_1_70' title='bbox 1062 927 1169 988; x_wconf 87' lang='lat' dir='ltr'>iecisse</span> 
     </span>
     <span class='ocr_line' id='line_1_10' title="bbox 199 1010 1170 1092; baseline -0.003 -15"><span class='ocrx_word' id='word_1_71' title='bbox 199 1014 320 1077; x_wconf 87' lang='lat' dir='ltr'>Fulvius</span> <span class='ocrx_word' id='word_1_72' title='bbox 341 1021 370 1074; x_wconf 90' lang='lat' dir='ltr'>et</span> <span class='ocrx_word' id='word_1_73' title='bbox 385 1012 486 1074; x_wconf 92' lang='lat' dir='ltr'>lunius</span> <span class='ocrx_word' id='word_1_74' title='bbox 507 1021 643 1074; x_wconf 74' lang='lat' dir='ltr'>auctores</span> <span class='ocrx_word' id='word_1_75' title='bbox 663 1021 742 1076; x_wconf 89' lang='lat' dir='ltr'>sunt.</span> <span class='ocrx_word' id='word_1_76' title='bbox 774 1021 804 1076; x_wconf 90' lang='lat' dir='ltr'>et</span> <span class='ocrx_word' id='word_1_77' title='bbox 825 1010 944 1091; x_wconf 89' lang='lat' dir='ltr'>quidem</span> <span class='ocrx_word' id='word_1_78' title='bbox 959 1011 1034 1074; x_wconf 89' lang='lat' dir='ltr'>duos</span> <span class='ocrx_word' id='word_1_79' title='bbox 1054 1013 1170 1092; x_wconf 89' lang='lat' dir='ltr'>primos</span> 
     </span>
     <span class='ocr_line' id='line_1_11' title="bbox 200 1097 1224 1177; baseline -0.005 -16"><span class='ocrx_word' id='word_1_80' title='bbox 200 1119 216 1161; x_wconf 91' lang='lat' dir='ltr'>a</span> <span class='ocrx_word' id='word_1_81' title='bbox 241 1097 413 1177; x_wconf 88' lang='lat' dir='ltr'>parentibus</span> <span class='ocrx_word' id='word_1_82' title='bbox 443 1099 503 1158; x_wconf 89' lang='lat' dir='ltr'>suis</span> <span class='ocrx_word' id='word_1_83' title='bbox 529 1101 712 1170; x_wconf 87' lang='lat' dir='ltr'>nominasse,</span> <span class='ocrx_word' id='word_1_84' title='bbox 743 1100 881 1160; x_wconf 89' lang='lat' dir='ltr'>Martium</span> <span class='ocrx_word' id='word_1_85' title='bbox 912 1114 927 1156; x_wconf 92' lang='lat' dir='ltr'>a</span> <span class='ocrx_word' id='word_1_86' title='bbox 954 1097 1048 1156; x_wconf 88' lang='lat' dir='ltr'>blarte</span> <span class='ocrx_word' id='word_1_87' title='bbox 1072 1103 1169 1176; x_wconf 90' lang='lat' dir='ltr'>patre,</span> <span class='ocrx_word' id='word_1_88' title='bbox 1191 1107 1224 1156; x_wconf 87' lang='lat'>10</span> 
     </span>
     <span class='ocr_line' id='line_1_12' title="bbox 199 1181 1170 1262; baseline -0.001 -19"><span class='ocrx_word' id='word_1_89' title='bbox 199 1181 330 1262; x_wconf 78' lang='lat' dir='ltr'>Aprilem</span> <span class='ocrx_word' id='word_1_90' title='bbox 346 1181 382 1242; x_wconf 94' lang='lat' dir='ltr'>ab</span> <span class='ocrx_word' id='word_1_91' title='bbox 398 1182 574 1260; x_wconf 78' lang='lat' dir='ltr'>Aphrodite,</span> <span class='ocrx_word' id='word_1_92' title='bbox 600 1184 691 1244; x_wconf 84' lang='lat' dir='ltr'>idest</span> <span class='ocrx_word' id='word_1_93' title='bbox 706 1184 834 1254; x_wconf 88' lang='lat' dir='ltr'>Venere,</span> <span class='ocrx_word' id='word_1_94' title='bbox 862 1181 940 1242; x_wconf 92' lang='lat' dir='ltr'>unde</span> <span class='ocrx_word' id='word_1_95' title='bbox 956 1182 1085 1242; x_wconf 90' lang='lat' dir='ltr'>maiores</span> <span class='ocrx_word' id='word_1_96' title='bbox 1106 1183 1170 1243; x_wconf 90' lang='lat' dir='ltr'>eius</span> 
     </span>
     <span class='ocr_line' id='line_1_13' title="bbox 200 1263 1170 1347; baseline -0.003 -19"><span class='ocrx_word' id='word_1_97' title='bbox 200 1265 319 1328; x_wconf 83' lang='lat' dir='ltr'>orlandi</span> <span class='ocrx_word' id='word_1_98' title='bbox 341 1265 524 1328; x_wconf 81' lang='lat' dir='ltr'>dicebantur.</span> <span class='ocrx_word' id='word_1_99' title='bbox 571 1269 722 1347; x_wconf 82' lang='lat' dir='ltr'>proximos</span> <span class='ocrx_word' id='word_1_100' title='bbox 743 1269 818 1328; x_wconf 91' lang='lat' dir='ltr'>duos</span> <span class='ocrx_word' id='word_1_101' title='bbox 839 1263 997 1343; x_wconf 89' lang='lat' dir='ltr'>apopulo,</span> <span class='ocrx_word' id='word_1_102' title='bbox 1022 1265 1130 1326; x_wconf 90' lang='lat' dir='ltr'>Maium</span> <span class='ocrx_word' id='word_1_103' title='bbox 1153 1285 1170 1326; x_wconf 91' lang='lat' dir='ltr'>a</span> 
     </span>
    </p>
   </div>
   <div class='ocr_carea' id='block_1_3' title="bbox 80 1348 1274 1936">
    <p class='ocr_par' dir='ltr' id='par_1_4' title="bbox 80 1348 1274 1936">
     <span class='ocr_line' id='line_1_14' title="bbox 200 1348 1274 1421; baseline -0.002 -9"><span class='ocrx_word' id='word_1_104' title='bbox 200 1350 363 1412; x_wconf 90' lang='lat' dir='ltr'>maioribus</span> <span class='ocrx_word' id='word_1_105' title='bbox 379 1358 463 1421; x_wconf 91' lang='lat' dir='ltr'>natu,</span> <span class='ocrx_word' id='word_1_106' title='bbox 484 1352 601 1412; x_wconf 88' lang='lat' dir='ltr'>lunium</span> <span class='ocrx_word' id='word_1_107' title='bbox 617 1353 823 1414; x_wconf 88' lang='lat' dir='ltr'>aiunioribus.</span> <span class='ocrx_word' id='word_1_108' title='bbox 871 1357 985 1411; x_wconf 91' lang='lat' dir='ltr'>ceteros</span> <span class='ocrx_word' id='word_1_109' title='bbox 1006 1348 1043 1410; x_wconf 90' lang='lat' dir='ltr'>ab</span> <span class='ocrx_word' id='word_1_110' title='bbox 1065 1349 1170 1410; x_wconf 89' lang='lat' dir='ltr'>ordine</span> <span class='ocrx_word' id='word_1_111' title='bbox 1273 1379 1274 1382; x_wconf 36' lang='lat'>¹</span> 
     </span>
     <span class='ocr_line' id='line_1_15' title="bbox 200 1433 1170 1514; baseline -0.001 -19"><span class='ocrx_word' id='word_1_112' title='bbox 200 1452 260 1513; x_wconf 90' lang='lat' dir='ltr'>quo</span> <span class='ocrx_word' id='word_1_113' title='bbox 280 1433 387 1514; x_wconf 84' lang='lat' dir='ltr'>singuli</span> <span class='ocrx_word' id='word_1_114' title='bbox 408 1442 505 1506; x_wconf 90' lang='lat' dir='ltr'>crant,</span> <span class='ocrx_word' id='word_1_115' title='bbox 534 1433 690 1504; x_wconf 85' lang='lat' dir='ltr'>Quintilem</span> <span class='ocrx_word' id='word_1_116' title='bbox 713 1455 807 1514; x_wconf 90' lang='lat' dir='ltr'>usque</span> <span class='ocrx_word' id='word_1_117' title='bbox 827 1433 1023 1496; x_wconf 88' lang='lat' dir='ltr'>Decembrem</span> <span class='ocrx_word' id='word_1_118' title='bbox 1044 1434 1170 1512; x_wconf 86' lang='lat' dir='ltr'>perinde</span> 
     </span>
     <span class='ocr_line' id='line_1_16' title="bbox 80 1519 1274 1584; baseline 0.003 -7"><span class='ocrx_word' id='word_1_119' title='bbox 80 1549 87 1571; x_wconf 71' lang='grc' dir='ltr'><strong>ι</strong></span> <span class='ocrx_word' id='word_1_120' title='bbox 150 1528 367 1580; x_wconf 86' lang='lat' dir='ltr'>toanumero.</span> <span class='ocrx_word' id='word_1_121' title='bbox 398 1521 492 1581; x_wconf 86' lang='lat' dir='ltr'>Varro</span> <span class='ocrx_word' id='word_1_122' title='bbox 508 1530 607 1582; x_wconf 88' lang='lat' dir='ltr'>autem</span> <span class='ocrx_word' id='word_1_123' title='bbox 622 1521 771 1584; x_wconf 85' lang='lat' dir='ltr'>Romanos</span> <span class='ocrx_word' id='word_1_124' title='bbox 792 1519 934 1583; x_wconf 86' lang='lat' dir='ltr'>abatlnis</span> <span class='ocrx_word' id='word_1_125' title='bbox 951 1519 1068 1580; x_wconf 85' lang='lat' dir='ltr'>nomina</span> <span class='ocrx_word' id='word_1_126' title='bbox 1084 1537 1169 1580; x_wconf 92' lang='lat' dir='ltr'>men·</span> <span class='ocrx_word' id='word_1_127' title='bbox 1189 1529 1222 1578; x_wconf 83' lang='lat'>15</span> <span class='ocrx_word' id='word_1_128' title='bbox 1273 1559 1274 1580; x_wconf 49' lang='lat' dir='ltr'>t</span> 
     </span>
     <span class='ocr_line' id='line_1_17' title="bbox 201 1603 1274 1683; baseline -0.002 -17"><span class='ocrx_word' id='word_1_129' title='bbox 201 1622 267 1666; x_wconf 91' lang='lat' dir='ltr'>sum</span> <span class='ocrx_word' id='word_1_130' title='bbox 283 1606 434 1683; x_wconf 88' lang='lat' dir='ltr'>accepisse</span> <span class='ocrx_word' id='word_1_131' title='bbox 445 1605 605 1666; x_wconf 81' lang='lat' dir='ltr'>arbitratus</span> <span class='ocrx_word' id='word_1_132' title='bbox 620 1613 757 1667; x_wconf 73' lang='lat' dir='ltr'>cerciores</span> <span class='ocrx_word' id='word_1_133' title='bbox 769 1622 873 1668; x_wconf 88' lang='lat' dir='ltr'>eorum</span> <span class='ocrx_word' id='word_1_134' title='bbox 885 1603 1067 1681; x_wconf 83' lang='lat' dir='ltr'>antiquiores</span> <span class='ocrx_word' id='word_1_135' title='bbox 1079 1621 1171 1680; x_wconf 89' lang='lat' dir='ltr'>quam</span> <span class='ocrx_word' id='word_1_136' title='bbox 1273 1661 1274 1680; x_wconf 55' lang='grc'>,</span> 
     </span>
     <span class='ocr_line' id='line_1_18' title="bbox 153 1688 1274 1772; baseline 0.002 -26"><span class='ocrx_word' id='word_1_137' title='bbox 153 1697 184 1746; x_wconf 88' lang='lat'>11</span> <span class='ocrx_word' id='word_1_138' title='bbox 203 1688 307 1750; x_wconf 91' lang='lat' dir='ltr'>urbem</span> <span class='ocrx_word' id='word_1_139' title='bbox 323 1691 413 1751; x_wconf 86' lang='lat' dir='ltr'>luisse</span> <span class='ocrx_word' id='word_1_140' title='bbox 429 1691 499 1752; x_wconf 88' lang='lat' dir='ltr'>satis</span> <span class='ocrx_word' id='word_1_141' title='bbox 520 1698 626 1768; x_wconf 84' lang='lat' dir='ltr'>argute</span> <span class='ocrx_word' id='word_1_142' title='bbox 641 1691 736 1752; x_wconf 88' lang='lat' dir='ltr'>docet.</span> <span class='ocrx_word' id='word_1_143' title='bbox 766 1693 865 1772; x_wconf 87' lang='lat' dir='ltr'>itaque</span> <span class='ocrx_word' id='word_1_144' title='bbox 880 1688 1018 1748; x_wconf 88' lang='lat' dir='ltr'>Martium</span> <span class='ocrx_word' id='word_1_145' title='bbox 1035 1704 1170 1766; x_wconf 88' lang='lat' dir='ltr'>mensem</span> <span class='ocrx_word' id='word_1_146' title='bbox 1273 1689 1274 1772; x_wconf 64' lang='lat' dir='ltr'>l</span> 
     </span>
     <span class='ocr_line' id='line_1_19' title="bbox 202 1770 1274 1854; baseline -0.004 -20"><span class='ocrx_word' id='word_1_147' title='bbox 202 1791 219 1834; x_wconf 92' lang='lat' dir='ltr'>a</span> <span class='ocrx_word' id='word_1_148' title='bbox 234 1773 327 1834; x_wconf 87' lang='lat' dir='ltr'>Marte</span> <span class='ocrx_word' id='word_1_149' title='bbox 343 1774 463 1854; x_wconf 89' lang='lat' dir='ltr'>quidem</span> <span class='ocrx_word' id='word_1_150' title='bbox 479 1777 662 1836; x_wconf 88' lang='lat' dir='ltr'>nominatum</span> <span class='ocrx_word' id='word_1_151' title='bbox 678 1775 788 1854; x_wconf 88' lang='lat' dir='ltr'>credit,</span> <span class='ocrx_word' id='word_1_152' title='bbox 810 1792 870 1834; x_wconf 91' lang='lat' dir='ltr'>non</span> <span class='ocrx_word' id='word_1_153' title='bbox 886 1771 955 1852; x_wconf 89' lang='lat' dir='ltr'>quia</span> <span class='ocrx_word' id='word_1_154' title='bbox 969 1770 1088 1833; x_wconf 87' lang='lat' dir='ltr'>Remuli</span> <span class='ocrx_word' id='word_1_155' title='bbox 1105 1771 1169 1833; x_wconf 88' lang='lat' dir='ltr'>lue·</span> <span class='ocrx_word' id='word_1_156' title='bbox 1273 1781 1274 1852; x_wconf 41' lang='lat' dir='ltr'><em>g</em></span> 
     </span>
     <span class='ocr_line' id='line_1_20' title="bbox 201 1853 1274 1936; baseline -0.001 -19"><span class='ocrx_word' id='word_1_157' title='bbox 201 1859 242 1917; x_wconf 89' lang='lat' dir='ltr'>rit</span> <span class='ocrx_word' id='word_1_158' title='bbox 256 1865 356 1934; x_wconf 90' lang='lat' dir='ltr'>pater,</span> <span class='ocrx_word' id='word_1_159' title='bbox 378 1859 428 1918; x_wconf 91' lang='lat' dir='ltr'>sed</span> <span class='ocrx_word' id='word_1_160' title='bbox 445 1859 523 1936; x_wconf 85' lang='lat' dir='ltr'>quod</span> <span class='ocrx_word' id='word_1_161' title='bbox 540 1876 612 1936; x_wconf 81' lang='lat' dir='ltr'>gens</span> <span class='ocrx_word' id='word_1_162' title='bbox 627 1859 727 1920; x_wconf 92' lang='lat' dir='ltr'>Latina</span> <span class='ocrx_word' id='word_1_163' title='bbox 743 1858 893 1920; x_wconf 89' lang='lat' dir='ltr'>belhcosa.</span> <span class='ocrx_word' id='word_1_164' title='bbox 924 1853 1054 1934; x_wconf 75' lang='lat' dir='ltr'>Aprilem</span> <span class='ocrx_word' id='word_1_165' title='bbox 1071 1863 1170 1917; x_wconf 88' lang='lat' dir='ltr'>autem</span> <span class='ocrx_word' id='word_1_166' title='bbox 1273 1859 1274 1930; x_wconf 68' lang='lat' dir='ltr'>l</span> 
     </span>
    </p>
   </div>
   <div class='ocr_carea' id='block_1_4' title="bbox 151 1939 1274 2697">
    <p class='ocr_par' dir='ltr' id='par_1_5' title="bbox 200 1939 1224 2022">
     <span class='ocr_line' id='line_1_21' title="bbox 200 1939 1224 2022; baseline -0.002 -22"><span class='ocrx_word' id='word_1_167' title='bbox 200 1958 261 2000; x_wconf 92' lang='lat' dir='ltr'>non</span> <span class='ocrx_word' id='word_1_168' title='bbox 284 1940 321 2002; x_wconf 91' lang='lat' dir='ltr'>ab</span> <span class='ocrx_word' id='word_1_169' title='bbox 343 1941 519 2018; x_wconf 89' lang='lat' dir='ltr'>Aphrodite,</span> <span class='ocrx_word' id='word_1_170' title='bbox 549 1942 601 2002; x_wconf 89' lang='lat' dir='ltr'>sed</span> <span class='ocrx_word' id='word_1_171' title='bbox 623 1942 660 2003; x_wconf 93' lang='lat' dir='ltr'>ab</span> <span class='ocrx_word' id='word_1_172' title='bbox 682 1944 857 2021; x_wconf 89' lang='lat' dir='ltr'>aperiendo,</span> <span class='ocrx_word' id='word_1_173' title='bbox 881 1939 960 2022; x_wconf 89' lang='lat' dir='ltr'>quod</span> <span class='ocrx_word' id='word_1_174' title='bbox 983 1948 1055 2001; x_wconf 88' lang='lat' dir='ltr'>tnnc</span> <span class='ocrx_word' id='word_1_175' title='bbox 1075 1940 1171 2002; x_wconf 77' lang='lat' dir='ltr'>lernae</span> <span class='ocrx_word' id='word_1_176' title='bbox 1189 1950 1224 1999; x_wconf 77' lang='lat'>20</span> 
     </span>
    </p>

    <p class='ocr_par' dir='ltr' id='par_1_6' title="bbox 152 2025 1274 2194">
     <span class='ocr_line' id='line_1_22' title="bbox 201 2025 1274 2110; baseline 0.003 -27"><span class='ocrx_word' id='word_1_177' title='bbox 201 2031 305 2084; x_wconf 89' lang='lat' dir='ltr'>cuncta</span> <span class='ocrx_word' id='word_1_178' title='bbox 335 2027 494 2102; x_wconf 79' lang='lat' dir='ltr'>gignantur</span> <span class='ocrx_word' id='word_1_179' title='bbox 530 2033 559 2086; x_wconf 89' lang='lat' dir='ltr'>et</span> <span class='ocrx_word' id='word_1_180' title='bbox 588 2027 727 2088; x_wconf 91' lang='lat' dir='ltr'>nascendi</span> <span class='ocrx_word' id='word_1_181' title='bbox 756 2027 885 2090; x_wconf 92' lang='lat' dir='ltr'>claustra</span> <span class='ocrx_word' id='word_1_182' title='bbox 914 2025 1027 2103; x_wconf 88' lang='lat' dir='ltr'>aperiat</span> <span class='ocrx_word' id='word_1_183' title='bbox 1055 2031 1171 2086; x_wconf 88' lang='lat' dir='ltr'>natura.</span> <span class='ocrx_word' id='word_1_184' title='bbox 1273 2061 1274 2110; x_wconf 72' lang='lat'>1</span> 
     </span>
     <span class='ocr_line' id='line_1_23' title="bbox 152 2107 1274 2194; baseline 0.005 -30"><span class='ocrx_word' id='word_1_185' title='bbox 152 2107 309 2169; x_wconf 77' lang='lat' dir='ltr'>talliatam</span> <span class='ocrx_word' id='word_1_186' title='bbox 331 2127 401 2169; x_wconf 90' lang='lat' dir='ltr'>vero</span> <span class='ocrx_word' id='word_1_187' title='bbox 422 2127 482 2170; x_wconf 93' lang='lat' dir='ltr'>non</span> <span class='ocrx_word' id='word_1_188' title='bbox 503 2130 520 2171; x_wconf 92' lang='lat' dir='ltr'>a</span> <span class='ocrx_word' id='word_1_189' title='bbox 542 2111 717 2184; x_wconf 90' lang='lat' dir='ltr'>maioribus,</span> <span class='ocrx_word' id='word_1_190' title='bbox 748 2113 800 2174; x_wconf 88' lang='lat' dir='ltr'>sed</span> <span class='ocrx_word' id='word_1_191' title='bbox 823 2133 839 2174; x_wconf 91' lang='lat' dir='ltr'>a</span> <span class='ocrx_word' id='word_1_192' title='bbox 860 2113 934 2174; x_wconf 87' lang='lat' dir='ltr'>Maia</span> <span class='ocrx_word' id='word_1_193' title='bbox 955 2127 1064 2171; x_wconf 91' lang='lat' dir='ltr'>nomen</span> <span class='ocrx_word' id='word_1_194' title='bbox 1085 2127 1171 2170; x_wconf 87' lang='lat' dir='ltr'>acce·</span> <span class='ocrx_word' id='word_1_195' title='bbox 1273 2119 1274 2194; x_wconf 75' lang='lat' dir='ltr'>t</span> 
     </span>
    </p>

    <p class='ocr_par' dir='ltr' id='par_1_7' title="bbox 200 2194 1170 2280">
     <span class='ocr_line' id='line_1_24' title="bbox 200 2194 1170 2280; baseline 0 -26"><span class='ocrx_word' id='word_1_196' title='bbox 200 2195 295 2273; x_wconf 89' lang='lat' dir='ltr'>pisse,</span> <span class='ocrx_word' id='word_1_197' title='bbox 324 2194 403 2273; x_wconf 89' lang='lat' dir='ltr'>quod</span> <span class='ocrx_word' id='word_1_198' title='bbox 426 2213 461 2256; x_wconf 88' lang='lat' dir='ltr'>eo</span> <span class='ocrx_word' id='word_1_199' title='bbox 482 2213 585 2258; x_wconf 87' lang='lat' dir='ltr'>mense</span> <span class='ocrx_word' id='word_1_200' title='bbox 604 2205 664 2260; x_wconf 89' lang='lat' dir='ltr'>tam</span> <span class='ocrx_word' id='word_1_201' title='bbox 684 2197 797 2259; x_wconf 89' lang='lat' dir='ltr'>Romae</span> <span class='ocrx_word' id='word_1_202' title='bbox 818 2216 908 2280; x_wconf 87' lang='lat' dir='ltr'>quam</span> <span class='ocrx_word' id='word_1_203' title='bbox 928 2203 1013 2254; x_wconf 91' lang='lat' dir='ltr'>antea</span> <span class='ocrx_word' id='word_1_204' title='bbox 1034 2195 1064 2254; x_wconf 94' lang='lat' dir='ltr'>in</span> <span class='ocrx_word' id='word_1_205' title='bbox 1085 2194 1170 2255; x_wconf 86' lang='lat' dir='ltr'>Latio</span> 
     </span>
    </p>

    <p class='ocr_par' dir='ltr' id='par_1_8' title="bbox 200 2278 1170 2358">
     <span class='ocr_line' id='line_1_25' title="bbox 200 2278 1170 2358; baseline 0 -20"><span class='ocrx_word' id='word_1_206' title='bbox 200 2296 250 2340; x_wconf 91' lang='lat' dir='ltr'>res</span> <span class='ocrx_word' id='word_1_207' title='bbox 271 2279 368 2339; x_wconf 90' lang='lat' dir='ltr'>divina</span> <span class='ocrx_word' id='word_1_208' title='bbox 390 2280 482 2341; x_wconf 88' lang='lat' dir='ltr'>Maiae</span> <span class='ocrx_word' id='word_1_209' title='bbox 503 2280 536 2340; x_wconf 91' lang='lat' dir='ltr'>tit</span> <span class='ocrx_word' id='word_1_210' title='bbox 557 2287 585 2346; x_wconf 90' lang='lat' dir='ltr'>et</span> <span class='ocrx_word' id='word_1_211' title='bbox 604 2281 759 2344; x_wconf 86' lang='lat' dir='ltr'>Mercurio.</span> <span class='ocrx_word' id='word_1_212' title='bbox 806 2282 920 2344; x_wconf 92' lang='lat' dir='ltr'>lunium</span> <span class='ocrx_word' id='word_1_213' title='bbox 944 2295 1062 2358; x_wconf 87' lang='lat' dir='ltr'>quoqne</span> <span class='ocrx_word' id='word_1_214' title='bbox 1083 2295 1100 2339; x_wconf 92' lang='lat' dir='ltr'>a</span> <span class='ocrx_word' id='word_1_215' title='bbox 1121 2278 1170 2338; x_wconf 90' lang='lat' dir='ltr'>lu·</span> 
     </span>
    </p>

    <p class='ocr_par' dir='ltr' id='par_1_9' title="bbox 151 2361 1274 2532">
     <span class='ocr_line' id='line_1_26' title="bbox 201 2364 1223 2445; baseline 0 -23"><span class='ocrx_word' id='word_1_216' title='bbox 201 2380 280 2422; x_wconf 92' lang='lat' dir='ltr'>noue</span> <span class='ocrx_word' id='word_1_217' title='bbox 300 2364 400 2442; x_wconf 89' lang='lat' dir='ltr'>potius</span> <span class='ocrx_word' id='word_1_218' title='bbox 421 2381 507 2442; x_wconf 90' lang='lat' dir='ltr'>quam</span> <span class='ocrx_word' id='word_1_219' title='bbox 529 2365 710 2436; x_wconf 89' lang='lat' dir='ltr'>iunioribus,</span> <span class='ocrx_word' id='word_1_220' title='bbox 741 2367 820 2445; x_wconf 85' lang='lat' dir='ltr'>quod</span> <span class='ocrx_word' id='word_1_221' title='bbox 841 2366 893 2427; x_wconf 92' lang='lat' dir='ltr'>illo</span> <span class='ocrx_word' id='word_1_222' title='bbox 915 2381 1019 2426; x_wconf 87' lang='lat' dir='ltr'>mense</span> <span class='ocrx_word' id='word_1_223' title='bbox 1041 2365 1223 2424; x_wconf 72' lang='lat' dir='ltr'>marimens</span> 
     </span>
     <span class='ocr_line' id='line_1_27' title="bbox 151 2445 1274 2532; baseline 0.004 -28"><span class='ocrx_word' id='word_1_224' title='bbox 151 2453 184 2504; x_wconf 83' lang='lat'>13</span> <span class='ocrx_word' id='word_1_225' title='bbox 202 2445 308 2507; x_wconf 93' lang='lat' dir='ltr'>lunoni</span> <span class='ocrx_word' id='word_1_226' title='bbox 323 2446 453 2510; x_wconf 90' lang='lat' dir='ltr'>honores</span> <span class='ocrx_word' id='word_1_227' title='bbox 468 2448 622 2511; x_wconf 87' lang='lat' dir='ltr'>habentur.</span> <span class='ocrx_word' id='word_1_228' title='bbox 654 2447 823 2522; x_wconf 85' lang='lat' dir='ltr'>Quintilem,</span> <span class='ocrx_word' id='word_1_229' title='bbox 840 2451 917 2532; x_wconf 90' lang='lat' dir='ltr'>quod</span> <span class='ocrx_word' id='word_1_230' title='bbox 934 2447 999 2508; x_wconf 90' lang='lat' dir='ltr'>loco</span> <span class='ocrx_word' id='word_1_231' title='bbox 1014 2449 1074 2508; x_wconf 90' lang='lat' dir='ltr'>iarn</span> <span class='ocrx_word' id='word_1_232' title='bbox 1089 2448 1170 2526; x_wconf 92' lang='lat' dir='ltr'>apud</span> <span class='ocrx_word' id='word_1_233' title='bbox 1273 2447 1274 2498; x_wconf 75' lang='lat' dir='ltr'>l</span> 
     </span>
    </p>

    <p class='ocr_par' dir='ltr' id='par_1_10' title="bbox 202 2530 1168 2614">
     <span class='ocr_line' id='line_1_28' title="bbox 202 2530 1168 2614; baseline 0.002 -22"><span class='ocrx_word' id='word_1_234' title='bbox 202 2531 321 2592; x_wconf 89' lang='lat' dir='ltr'>Latinos</span> <span class='ocrx_word' id='word_1_235' title='bbox 340 2533 429 2594; x_wconf 88' lang='lat' dir='ltr'>luerit</span> <span class='ocrx_word' id='word_1_236' title='bbox 450 2535 566 2614; x_wconf 90' lang='lat' dir='ltr'>quinto,</span> <span class='ocrx_word' id='word_1_237' title='bbox 589 2536 660 2594; x_wconf 90' lang='lat' dir='ltr'>item</span> <span class='ocrx_word' id='word_1_238' title='bbox 679 2533 823 2599; x_wconf 69' lang='lat' dir='ltr'>vSeutilem</span> <span class='ocrx_word' id='word_1_239' title='bbox 844 2555 878 2597; x_wconf 90' lang='lat' dir='ltr'>ac</span> <span class='ocrx_word' id='word_1_240' title='bbox 898 2534 1039 2610; x_wconf 90' lang='lat' dir='ltr'>deinceps</span> <span class='ocrx_word' id='word_1_241' title='bbox 1059 2530 1096 2593; x_wconf 91' lang='lat' dir='ltr'>ad</span> <span class='ocrx_word' id='word_1_242' title='bbox 1112 2532 1168 2594; x_wconf 87' lang='lat' dir='ltr'>lle·</span> 
     </span>
    </p>

    <p class='ocr_par' dir='ltr' id='par_1_11' title="bbox 202 2615 1170 2697">
     <span class='ocr_line' id='line_1_29' title="bbox 202 2615 1170 2697; baseline 0.002 -22"><span class='ocrx_word' id='word_1_243' title='bbox 202 2615 354 2678; x_wconf 88' lang='lat' dir='ltr'>cembrem</span> <span class='ocrx_word' id='word_1_244' title='bbox 379 2636 396 2678; x_wconf 88' lang='lat' dir='ltr'>a</span> <span class='ocrx_word' id='word_1_245' title='bbox 422 2619 554 2679; x_wconf 90' lang='lat' dir='ltr'>numeris</span> <span class='ocrx_word' id='word_1_246' title='bbox 580 2616 751 2697; x_wconf 89' lang='lat' dir='ltr'>appellatos.</span> <span class='ocrx_word' id='word_1_247' title='bbox 798 2628 930 2688; x_wconf 82' lang='lat' dir='ltr'>catorum</span> <span class='ocrx_word' id='word_1_248' title='bbox 950 2618 1119 2684; x_wconf 88' lang='lat' dir='ltr'>Ianuarium</span> <span class='ocrx_word' id='word_1_249' title='bbox 1141 2624 1170 2678; x_wconf 89' lang='lat' dir='ltr'>et</span> 
     </span>
    </p>
   </div>
   <div class='ocr_carea' id='block_1_5' title="bbox 200 2901 1274 3389">
    <p class='ocr_par' dir='ltr' id='par_1_12' title="bbox 200 2901 1274 3389">
     <span class='ocr_line' id='line_1_30' title="bbox 269 2901 1274 2974; baseline 0.016 -23"><span class='ocrx_word' id='word_1_250' title='bbox 269 2904 293 2952; x_wconf 77' lang='lat'>2.</span> <span class='ocrx_word' id='word_1_251' title='bbox 317 2901 427 2953; x_wconf 82' lang='lat' dir='ltr'>haneur</span> <span class='ocrx_word' id='word_1_252' title='bbox 450 2903 508 2952; x_wconf 86' lang='lat' dir='ltr'>DV</span> <span class='ocrx_word' id='word_1_253' title='bbox 572 2906 596 2955; x_wconf 86' lang='grc'>3.</span> <span class='ocrx_word' id='word_1_254' title='bbox 618 2919 736 2955; x_wconf 71' lang='lat' dir='ltr'>bartone</span> <span class='ocrx_word' id='word_1_255' title='bbox 760 2920 832 2970; x_wconf 84' lang='lat' dir='ltr'>quae</span> <span class='ocrx_word' id='word_1_256' title='bbox 857 2907 890 2958; x_wconf 80' lang='lat' dir='ltr'>ab</span> <span class='ocrx_word' id='word_1_257' title='bbox 912 2910 969 2968; x_wconf 89' lang='lat' dir='ltr'>DV</span> <span class='ocrx_word' id='word_1_258' title='bbox 1033 2921 1058 2969; x_wconf 82' lang='grc'>4,</span> <span class='ocrx_word' id='word_1_259' title='bbox 1082 2933 1170 2970; x_wconf 77' lang='lat' dir='ltr'>annos</span> <span class='ocrx_word' id='word_1_260' title='bbox 1273 2961 1274 2974; x_wconf 70' lang='lat'>,</span> 
     </span>
     <span class='ocr_line' id='line_1_31' title="bbox 200 2969 1274 3042; baseline 0.017 -24"><span class='ocrx_word' id='word_1_261' title='bbox 200 2969 327 3030; x_wconf 81' lang='lat' dir='ltr'>Halmius,</span> <span class='ocrx_word' id='word_1_262' title='bbox 346 2972 493 3033; x_wconf 81' lang='lat' dir='ltr'>auuoDV,</span> <span class='ocrx_word' id='word_1_263' title='bbox 512 2987 613 3023; x_wconf 83' lang='lat' dir='ltr'>annum</span> <span class='ocrx_word' id='word_1_264' title='bbox 630 2976 702 3036; x_wconf 74' lang='lat' dir='ltr'>culpo</span> <span class='ocrx_word' id='word_1_265' title='bbox 770 2972 881 3042; x_wconf 79' lang='lat' dir='ltr'>maluit]</span> <span class='ocrx_word' id='word_1_266' title='bbox 902 2986 1018 3037; x_wconf 64' lang='lat' dir='ltr'>scrutil)</span> <span class='ocrx_word' id='word_1_267' title='bbox 1087 2989 1111 3039; x_wconf 82' lang='grc'>5,</span> <span class='ocrx_word' id='word_1_268' title='bbox 1129 2987 1171 3036; x_wconf 81' lang='lat' dir='ltr'>oi·</span> <span class='ocrx_word' id='word_1_269' title='bbox 1273 2981 1274 3000; x_wconf 76' lang='lat'>³</span> 
     </span>
     <span class='ocr_line' id='line_1_32' title="bbox 200 3035 1171 3118; baseline 0.016 -32"><span class='ocrx_word' id='word_1_270' title='bbox 200 3035 469 3098; x_wconf 77' lang='lat' dir='ltr'>vitesLaetmannue,</span> <span class='ocrx_word' id='word_1_271' title='bbox 488 3041 611 3090; x_wconf 81' lang='lat' dir='ltr'>uenDV</span> <span class='ocrx_word' id='word_1_272' title='bbox 676 3042 700 3091; x_wconf 79' lang='lat' dir='ltr'>i.</span> <span class='ocrx_word' id='word_1_273' title='bbox 720 3056 902 3096; x_wconf 80' lang='lat' dir='ltr'>coucuaaeur</span> <span class='ocrx_word' id='word_1_274' title='bbox 920 3053 945 3101; x_wconf 87' lang='lat' dir='ltr'><em>D</em></span> <span class='ocrx_word' id='word_1_275' title='bbox 1016 3055 1056 3104; x_wconf 79' lang='lat'>12.</span> <span class='ocrx_word' id='word_1_276' title='bbox 1077 3069 1094 3103; x_wconf 80' lang='lat' dir='ltr'>a</span> <span class='ocrx_word' id='word_1_277' title='bbox 1108 3059 1171 3118; x_wconf 82' lang='lat' dir='ltr'>post</span> 
     </span>
     <span class='ocr_line' id='line_1_33' title="bbox 201 3103 1169 3180; baseline 0.024 -30"><span class='ocrx_word' id='word_1_278' title='bbox 201 3103 305 3180; x_wconf 76' lang='lat' dir='ltr'>lldsium</span> <span class='ocrx_word' id='word_1_279' title='bbox 322 3119 368 3154; x_wconf 88' lang='lat' dir='ltr'>om.</span> <span class='ocrx_word' id='word_1_280' title='bbox 392 3107 419 3153; x_wconf 91' lang='lat' dir='ltr'><em>V</em></span> <span class='ocrx_word' id='word_1_281' title='bbox 485 3109 524 3158; x_wconf 86' lang='grc'>13.</span> <span class='ocrx_word' id='word_1_282' title='bbox 543 3121 655 3158; x_wconf 81' lang='lat' dir='ltr'>ceream</span> <span class='ocrx_word' id='word_1_283' title='bbox 673 3107 732 3156; x_wconf 87' lang='lat' dir='ltr'>DV</span> <span class='ocrx_word' id='word_1_284' title='bbox 796 3111 837 3160; x_wconf 80' lang='lat'>16.</span> <span class='ocrx_word' id='word_1_285' title='bbox 857 3128 1054 3171; x_wconf 75' lang='lat' dir='ltr'>snnrrnsnnus</span> <span class='ocrx_word' id='word_1_286' title='bbox 1072 3122 1105 3179; x_wconf 83' lang='grc' dir='ltr'>Ι),</span> <span class='ocrx_word' id='word_1_287' title='bbox 1126 3136 1169 3171; x_wconf 82' lang='lat' dir='ltr'>ar·</span> 
     </span>
     <span class='ocr_line' id='line_1_34' title="bbox 202 3169 1170 3242; baseline 0.021 -24"><span class='ocrx_word' id='word_1_288' title='bbox 202 3169 321 3220; x_wconf 85' lang='lat' dir='ltr'>brtrctur</span> <span class='ocrx_word' id='word_1_289' title='bbox 338 3173 356 3220; x_wconf 86' lang='lat' dir='ltr'>d</span> <span class='ocrx_word' id='word_1_290' title='bbox 365 3173 397 3232; x_wconf 91' lang='lat' dir='ltr'>V,</span> <span class='ocrx_word' id='word_1_291' title='bbox 416 3187 484 3224; x_wconf 85' lang='lat' dir='ltr'>corr.</span> <span class='ocrx_word' id='word_1_292' title='bbox 502 3173 599 3225; x_wconf 66' lang='lat' dir='ltr'>Iuliam*</span> <span class='ocrx_word' id='word_1_293' title='bbox 650 3191 774 3228; x_wconf 80' lang='lat' dir='ltr'>aurnuns</span> <span class='ocrx_word' id='word_1_294' title='bbox 792 3178 825 3241; x_wconf 82' lang='grc' dir='ltr'>Ι),</span> <span class='ocrx_word' id='word_1_295' title='bbox 850 3191 997 3240; x_wconf 83' lang='lat' dir='ltr'>autorasd</span> <span class='ocrx_word' id='word_1_296' title='bbox 1066 3189 1108 3242; x_wconf 80' lang='lat' dir='ltr'>tt.</span> <span class='ocrx_word' id='word_1_297' title='bbox 1127 3204 1170 3238; x_wconf 83' lang='lat' dir='ltr'>ar-</span> 
     </span>
     <span class='ocr_line' id='line_1_35' title="bbox 201 3236 1170 3310; baseline 0.022 -25"><span class='ocrx_word' id='word_1_298' title='bbox 201 3241 269 3301; x_wconf 83' lang='lat' dir='ltr'>gute</span> <span class='ocrx_word' id='word_1_299' title='bbox 282 3236 383 3297; x_wconf 71' lang='lat' dir='ltr'>Carrio,</span> <span class='ocrx_word' id='word_1_300' title='bbox 402 3253 486 3291; x_wconf 79' lang='lat' dir='ltr'>cnam</span> <span class='ocrx_word' id='word_1_301' title='bbox 501 3243 534 3300; x_wconf 83' lang='lat' dir='ltr'>D,</span> <span class='ocrx_word' id='word_1_302' title='bbox 555 3243 640 3292; x_wconf 83' lang='lat' dir='ltr'>arhiti</span> <span class='ocrx_word' id='word_1_303' title='bbox 657 3246 681 3302; x_wconf 86' lang='lat' dir='ltr'>d,</span> <span class='ocrx_word' id='word_1_304' title='bbox 702 3244 795 3310; x_wconf 82' lang='lat' dir='ltr'>arkyti</span> <span class='ocrx_word' id='word_1_305' title='bbox 810 3249 838 3298; x_wconf 89' lang='lat' dir='ltr'><em>V</em></span> <span class='ocrx_word' id='word_1_306' title='bbox 903 3257 945 3307; x_wconf 75' lang='lat'>20.</span> <span class='ocrx_word' id='word_1_307' title='bbox 965 3254 1096 3307; x_wconf 76' lang='lat' dir='ltr'>anaobtre</span> <span class='ocrx_word' id='word_1_308' title='bbox 1114 3257 1170 3305; x_wconf 82' lang='lat' dir='ltr'>DV</span> 
     </span>
     <span class='ocr_line' id='line_1_36' title="bbox 202 3307 1169 3389; baseline 0.025 -36"><span class='ocrx_word' id='word_1_309' title='bbox 202 3307 540 3389; x_wconf 59' lang='lat' dir='ltr'>nearest-fereVuatpo</span> <span class='ocrx_word' id='word_1_310' title='bbox 609 3312 650 3362; x_wconf 78' lang='lat'>25.</span> <span class='ocrx_word' id='word_1_311' title='bbox 671 3318 842 3372; x_wconf 79' lang='lat' dir='ltr'>maxamaell</span> <span class='ocrx_word' id='word_1_312' title='bbox 911 3325 953 3378; x_wconf 79' lang='lat'>26,</span> <span class='ocrx_word' id='word_1_313' title='bbox 974 3338 1044 3374; x_wconf 82' lang='lat' dir='ltr'>nouo</span> <span class='ocrx_word' id='word_1_314' title='bbox 1062 3335 1115 3374; x_wconf 75' lang='lat' dir='ltr'>tarn</span> <span class='ocrx_word' id='word_1_315' title='bbox 1134 3325 1169 3383; x_wconf 89' lang='lat' dir='ltr'>D,</span> 
     </span>
    </p>
   </div>
   <div class='ocr_carea' id='block_1_6' title="bbox 202 3390 1112 3529">
    <p class='ocr_par' dir='ltr' id='par_1_13' title="bbox 202 3390 1112 3529">
     <span class='ocr_line' id='line_1_37' title="bbox 202 3390 1112 3462; baseline 0.015 -20"><span class='ocrx_word' id='word_1_316' title='bbox 202 3390 287 3442; x_wconf 81' lang='lat' dir='ltr'>loiom</span> <span class='ocrx_word' id='word_1_317' title='bbox 310 3392 336 3441; x_wconf 89' lang='lat' dir='ltr'><em>V</em></span> <span class='ocrx_word' id='word_1_318' title='bbox 402 3396 444 3448; x_wconf 80' lang='grc'>27.</span> <span class='ocrx_word' id='word_1_319' title='bbox 463 3398 560 3462; x_wconf 84' lang='lat' dir='ltr'>quinto</span> <span class='ocrx_word' id='word_1_320' title='bbox 577 3413 610 3446; x_wconf 87' lang='lat' dir='ltr'>m.</span> <span class='ocrx_word' id='word_1_321' title='bbox 628 3414 682 3450; x_wconf 85' lang='lat' dir='ltr'>reo.</span> <span class='ocrx_word' id='word_1_322' title='bbox 700 3401 726 3450; x_wconf 85' lang='lat' dir='ltr'>in</span> <span class='ocrx_word' id='word_1_323' title='bbox 744 3402 768 3449; x_wconf 86' lang='lat' dir='ltr'><em>D</em></span> <span class='ocrx_word' id='word_1_324' title='bbox 785 3409 812 3456; x_wconf 82' lang='lat' dir='ltr'>in</span> <span class='ocrx_word' id='word_1_325' title='bbox 829 3422 882 3458; x_wconf 77' lang='lat' dir='ltr'>ras.</span> <span class='ocrx_word' id='word_1_326' title='bbox 956 3420 1069 3458; x_wconf 79' lang='lat' dir='ltr'>sexrtne</span> <span class='ocrx_word' id='word_1_327' title='bbox 1088 3407 1112 3456; x_wconf 88' lang='lat' dir='ltr'><em>D</em></span> 
     </span>
     <span class='ocr_line' id='line_1_38' title="bbox 202 3460 592 3529; baseline 0.005 -19"><span class='ocrx_word' id='word_1_328' title='bbox 202 3460 243 3510; x_wconf 80' lang='lat'>28.</span> <span class='ocrx_word' id='word_1_329' title='bbox 263 3473 351 3511; x_wconf 83' lang='lat' dir='ltr'>numts</span> <span class='ocrx_word' id='word_1_330' title='bbox 371 3477 549 3529; x_wconf 69' lang='lat' dir='ltr'>appensurus</span> <span class='ocrx_word' id='word_1_331' title='bbox 567 3464 592 3512; x_wconf 81' lang='lat' dir='ltr'>J)</span> 
     </span>
    </p>
   </div>
   <div class='ocr_carea' id='block_1_7' title="bbox 1053 3563 1070 3600">
    <p class='ocr_par' dir='ltr' id='par_1_14' title="bbox 1053 3563 1070 3600">
     <span class='ocr_line' id='line_1_39' title="bbox 1053 3563 1070 3600; baseline 0 0"><span class='ocrx_word' id='word_1_332' title='bbox 1053 3563 1070 3600; x_wconf 67' lang='grc' dir='ltr'><strong><em>θ</em></strong></span> 
     </span>
    </p>
   </div>
   <div class='ocr_carea' id='block_1_8' title="bbox 0 0 1292 3958">
    <p class='ocr_par' dir='ltr' id='par_1_15' title="bbox 0 0 1292 3958">
     <span class='ocr_line' id='line_1_40' title="bbox 0 0 1292 3958; baseline 0 0"><span class='ocrx_word' id='word_1_333' title='bbox 0 0 1292 3958; x_wconf 95' lang='lat' dir='ltr'> </span> 
     </span>
    </p>
   </div>
  </div>
 </body>
</html>
