2560 3958
365 239 413 286 DE
435 238 498 286 Dru
518 239 652 286 manain
674 239 749 288 GAP.
766 240 839 290 VIII.
1047 226 1086 290 13

119 397 226 458 parere
248 377 402 440 mulierem
417 395 504 456 posse
518 377 640 456 plurimi
655 379 825 448 adfirmant,
848 387 881 441 ut
895 379 1016 440 Theano
1032 378 1087 459 Pp·

118 463 279 542 thagorIca,
295 461 468 524 Aristoteles
482 463 700 541 peripateticus,
717 463 842 532 Diocles,
858 463 987 532 Euenor,
1004 463 1085 524 Stra·
1172 483 1175 488 ·

119 555 185 618 ton,
209 545 418 627 Empedocles,
441 546 587 624 Epigenes
603 545 747 624 multique
768 554 936 626 praeterea,
958 565 1086 625 quorum

119 633 251 692 omnium
273 647 433 692 consensus
449 630 659 710 Eurpphonem
676 630 811 692 Cnidium
832 649 892 692 non
908 632 1039 694 deterret
1056 633 1085 692 id

83 711 100 770 5
119 716 219 793 ipsum
241 715 387 792 intrepide
407 723 632 794 pernegantem.
664 721 767 775 contra
789 732 855 775 eum
872 715 966 776 lerme
982 729 1119 777 omnese

118 799 329 878 Epicharmum
345 801 441 860 secuti
457 805 559 860 octavo
576 816 677 860 mense
692 800 775 860 nasci
795 807 992 876 negaverunt:
1017 800 1084 860 Dio·

121 883 182 943 cles
203 889 300 944 tamen
321 883 469 963 Carystius
496 892 526 944 et
545 882 716 944 Aristoteles
737 884 890 961 Stagirites
911 882 996 943 aliter
1018 901 1085 944 sen-

120 975 232 1028 serunt.
261 985 340 1029 nono
363 975 461 1028 autem
483 976 511 1028 et
528 967 642 1029 decimo
658 985 760 1029 mense
783 986 850 1028 cum
867 967 1005 1028 Chaldaei
1018 967 1085 1044 plu-

119 1052 188 1112 rimi
210 1059 237 1112 et
251 1053 330 1114 idem
351 1069 441 1130 supra
463 1052 539 1114 mihi,
556 1053 724 1112 nominatus
738 1049 909 1113 Aristotcles
930 1051 977 1112 edi
997 1069 1085 1130 posse

67 1143 100 1192 10
118 1143 236 1216 partum
257 1138 439 1214 putaverint,
461 1151 559 1212 neque
579 1135 725 1212 Epigenes
740 1137 897 1216 Byzantius
917 1153 997 1202 nono
1019 1135 1085 1196 fieri

118 1237 206 1298 posse
227 1221 391 1290 contendit,
414 1236 469 1279 nec
484 1219 679 1299 Hippocrates
700 1220 775 1284 Cous
797 1220 921 1282 decimo.
953 1227 1084 1281 ceterum
1105 1231 1119 1279 i

117 1305 308 1365 undecimum
328 1322 462 1366 mensem
478 1303 649 1366 Aristoteles
665 1303 746 1366 solus
761 1305 881 1383 recipit,
905 1306 997 1365 ceteri
1018 1305 1083 1364 uni-

119 1390 196 1448 versi
210 1387 415 1467 inprobarunt.
963 1459 971 1468 ¹

184 1472 242 1534 Sed
262 1490 342 1533 nunc
362 1471 579 1535 Chaldaeorum·
603 1472 678 1534 ratio
700 1472 829 1533 breviter
854 1468 1008 1534 tractanda
1029 1481 1082 1542 est,
1101 1477 1119 1536 8

67 1564 100 1612 15
120 1555 386 1636 explicandumque
412 1575 466 1617 cur
492 1557 619 1634 sepumo
642 1573 743 1616 mense
767 1564 795 1616 et
815 1573 894 1616 nono
923 1564 951 1616 et
971 1556 1085 1616 decImo

119 1641 322 1702 tantummodo
335 1657 423 1719 posse
437 1639 574 1699 homines
589 1639 672 1698 nasci
687 1637 879 1699 arbitrentur.
903 1645 972 1698 ante
986 1640 1085 1698 omnia
1104 1649 1119 1696 2

119 1725 210 1801 igitur
232 1724 333 1784 dicunt
358 1722 625 1801 actumvitamque
648 1728 780 1781 nostram
803 1720 894 1782 stellis
919 1730 979 1781 tam
1006 1724 1086 1800 vagis

120 1825 209 1884 quam
224 1809 307 1867 statis
324 1824 388 1866 esse
404 1805 576 1876 subiectam,
594 1823 755 1886 earumque
771 1807 853 1866 vario
869 1804 1086 1883 multiplicique

120 1909 208 1952 cursu
234 1909 328 1970 genus
353 1891 513 1952 humanum
540 1889 716 1968 gubernari,
753 1890 805 1951 sed
830 1891 962 1970 ipsarum
989 1896 1087 1950 motus

68 1985 102 2033 20
120 1976 331 2055 schemataque
354 1983 382 2036 et
403 1976 526 2036 effectus
542 1993 558 2035 a
574 1974 635 2036 sole
651 1975 758 2036 crebro
779 1975 929 2056 inmutari.
964 1993 1032 2036 narn
1053 1983 1088 2035 ut

121 2059 194 2120 aliae
210 2077 363 2128 occasum,
384 2058 543 2120 nonnullae
559 2060 716 2120 stationem
731 2059 839 2120 iaciant
854 2076 968 2139 nosque
990 2060 1086 2119 omnis

120 2143 176 2204 hac
191 2160 243 2203 sua
256 2141 389 2221 disparili
404 2149 605 2221 temperatura
620 2142 765 2211 adliciant,
782 2141 852 2202 solis
863 2144 929 2202 lieri
943 2145 1085 2220 potentia.

120 2228 220 2307 itaque
241 2245 323 2298 eum,
346 2227 398 2304 qui
413 2225 512 2288 stellas
531 2226 610 2305 ipsas
626 2224 733 2304 quibus
754 2242 908 2286 movemur
923 2231 1085 2303 permovet,
1105 2235 1121 2283 3

121 2313 249 2373 animam
263 2311 349 2372 nobis
365 2311 505 2391 dareque
520 2327 660 2388 regamur
675 2309 971 2390 potentissimumque
987 2310 1016 2370 in
1032 2325 1087 2369 nos

68 2405 103 2454 25
121 2414 187 2458 esse
207 2396 430 2474 moderarique,
462 2395 579 2473 quando
601 2401 667 2473 post
688 2395 913 2472 conceptionem
934 2395 1087 2454 veniamus

122 2481 152 2539 in
173 2479 285 2547 lucem;
309 2479 359 2539 sed
383 2480 441 2538 hoc
456 2496 509 2556 per
530 2484 591 2539 tres
611 2478 709 2540 lacere
725 2484 911 2555 conspectus.
944 2477 1014 2556 quid
1036 2495 1087 2537 au-

122 2571 183 2624 tom
204 2564 241 2625 sit
262 2570 438 2642 conspectus
459 2570 488 2622 et
502 2569 575 2642 quot
595 2563 657 2622 eius
672 2579 799 2639 genera,
830 2569 862 2622 ut
883 2560 995 2641 liquido
1018 2578 1086 2639 per-

122 2648 196 2726 spici
211 2648 316 2725 possit,
348 2665 441 2726 pauca
462 2647 643 2726 praedicam.
681 2646 810 2707 circulus
832 2652 890 2715 est,
923 2653 956 2706 ut
976 2646 1121 2716 lerunt,4

123 2843 325 2850 ‹nn—w

191 2969 214 3018 1.
233 2967 439 3034 pruhaqomcus
457 2967 511 3018 DV
579 2969 604 3016 2.
623 2978 798 3017 errororeuts
817 2966 841 3014 D
912 2979 1014 3015 euenor
1036 2964 1064 3014 V

123 3049 246 3086 sraaron
268 3036 322 3085 DV
389 3037 414 3084 4.
438 3035 617 3100 eumphouem
640 3034 696 3083 DV
762 3035 787 3084 ὅ.
811 3044 889 3082 omne
913 3034 949 3092 D,
979 3033 1089 3084 cornei

122 3106 147 3155 8.
166 3101 282 3154 chacoer
300 3102 357 3152 DV
421 3104 445 3152 9.
468 3103 536 3152 mihi
554 3117 600 3154 om.
624 3101 652 3150 V
716 3103 756 3152 10.
781 3101 929 3167 ephtpcnes
947 3101 984 3161 D,
1005 3101 1087 3166 ephy-

123 3186 208 3236 genes
231 3170 257 3219 V
322 3183 466 3220 arnanrtus
483 3169 542 3219 DV
606 3169 646 3220 11.
670 3169 849 3234 htppocnams
868 3169 904 3226 D,
933 3167 1088 3234 hyppocra-

123 3243 165 3288 tes
196 3239 223 3287 V
289 3237 330 3287 12.
358 3250 534 3287 cataroronrs
561 3235 615 3285 DV
683 3239 723 3286 14.
753 3233 940 3286 chondeoaum
967 3235 1022 3285 DV
1081 3271 1084 3276 -

125 3306 168 3356 15.
186 3319 256 3368 quur
277 3305 305 3354 V
370 3307 410 3356 18.
430 3317 523 3355 arama
542 3303 576 3366 D,
595 3303 807 3353 stantibuadV
874 3305 914 3354 19.
933 3306 1009 3353 motu
1031 3303 1056 3351 V

124 3375 164 3422 20.
185 3372 385 3437 shemaraaque
403 3372 459 3421 DV
526 3372 567 3425 22.
586 3369 955 3436 drapammrauempcmuuna
972 3369 1010 3429 D,
1036 3367 1089 3416 dis·

123 3438 266 3504 parilitate
284 3440 391 3504 pariter
412 3440 440 3489 V
504 3440 546 3489 24.
567 3442 595 3488 et
612 3444 670 3488 ante
689 3440 808 3488 culmem
826 3439 886 3489 add.
908 3438 932 3486 V
948 3439 1020 3500 culpo

124 3508 158 3556 25
176 3521 362 3573 coucepmone
376 3509 400 3557 D
469 3508 512 3557 27.
526 3504 594 3571 quod
607 3519 665 3556 etus
679 3508 703 3556 D
753 3505 865 3569 liquodo
882 3502 930 3561 V1,
945 3518 1014 3552 corr.
1027 3518 1058 3554 m.
1071 3505 1088 3554 2
