2560 3958
495 229 705 278 PRAEFATIO.
1043 233 1081 280 XI

114 411 180 456 non
202 398 271 454 tam
297 389 330 450 T.
353 383 511 450 omissum
532 382 655 464 videri,
684 403 782 468 quam
802 382 838 447 id
860 383 969 470 ipsum
991 405 1034 448 ex
1054 396 1083 449 er

115 506 269 584 corrupto
299 492 503 584 eliciendum.
548 491 641 559 Idem
663 493 769 558 suasit
789 501 827 557 ut
847 515 879 578 p.
896 493 928 574 8,
951 493 992 556 14
1012 500 1083 558 cai-

112 612 199 686 sacio
226 627 244 670 e
272 604 385 671 codice
417 603 549 668 ederem
576 600 648 667 coll.
677 600 814 682 Quintil.
839 603 871 683 1,
896 602 932 683 6,
953 601 1012 684 21,
1050 611 1083 668 et

115 715 293 800 fragmenti
320 713 428 779 locum
455 712 564 778 adhuc
586 711 795 798 desperatum
823 713 879 796 qui
901 721 952 776 est
974 735 1005 798 p.
1028 713 1081 796 66,

115 827 158 892 20
178 849 203 890 s.
227 833 359 912 recepta
387 846 405 888 e
426 822 589 888 Vaticano
617 823 781 908 scriptura
806 840 997 886 numanum
1025 822 1081 903 ita,

115 947 152 1002 ut
177 956 263 1000 nunc
292 934 415 1000 editum
444 943 512 1012 est,
548 931 709 996 distinxit.
759 930 957 996 Meminerat
983 933 1083 996 etiam

116 1045 288 1112 Censorini
310 1043 362 1108 sui
384 1044 463 1109 Otto
486 1041 626 1124 Iuncus,
650 1050 683 1106 et
704 1041 874 1128 quaerenti
895 1040 975 1106 mihi
995 1041 1084 1108 ami·-

115 1155 261 1237 cissime‚
289 1165 327 1220 ut
349 1154 448 1235 solet,
476 1153 645 1237 rescripsit
665 1174 698 1237 p.
714 1151 767 1233 66,
785 1153 803 1216 7
829 1150 1084 1217 Parnasiue'sibi

115 1263 289 1350 legendum
305 1262 427 1346 videri3
449 1273 619 1348 praeterea
640 1284 671 1347 p.
688 1262 719 1344 6,
736 1261 756 1326 9
775 1260 979 1326 Lachmanni
1000 1283 1085 1334 con-

114 1375 273 1440 iecturam
299 1378 461 1438 adserens
483 1372 703 1438 commendari
730 1370 892 1437 similibus
915 1370 1084 1436 Plutarchi

117 1488 175 1567 (an
198 1482 267 1548 seni
289 1493 350 1548 cet.
374 1504 444 1568 cap.
461 1483 501 1566 9)
529 1493 562 1547 et
590 1481 733 1548 Senecae
762 1482 823 1568 (de
848 1484 936 1548 brev.
960 1483 1019 1546 vit.
1043 1479 1086 1544 20

115 1594 214 1677 extr.)
248 1593 341 1658 locis.
392 1590 549 1657 Consulto
579 1591 675 1656 omisi
702 1591 746 1654 ad
772 1615 805 1676 p.
826 1591 878 1672 23,
902 1589 941 1654 12
969 1589 1084 1654 afferre

116 1686 335 1767 coniecturam
371 1699 415 1764 H.
452 1699 618 1792 Wittichii
653 1705 805 1764 Percicm
842 1722 901 1786 pro
931 1703 1086 1778 Pythicum

116 1811 281 1877 suadentis
303 1810 337 1874 in
360 1807 478 1875 Philol.
503 1809 566 1875 vol.
583 1809 653 1874 XX
674 1833 707 1896 p.
722 1810 800 1890 431,
839 1809 992 1895 quoniam
1019 1830 1085 1873 non

116 1919 271 1986 credibile
299 1919 473 1986 videbatur
499 1942 601 1987 unum
628 1918 844 1986 Censorinum
870 1908 1004 1984 Persici
1022 1939 1084 1984 ne-

116 2030 183 2096 scio
217 2032 310 2094 cuius
339 2029 439 2094 stadii
466 2029 618 2096 notitiam
644 2029 800 2096 habuisse
829 2051 850 2093 a
872 2031 972 2096 totius
994 2029 1086 2094 anti-

117 2139 249 2225 quitatis
287 2139 445 2203 memoria
479 2138 576 2226 plane
611 2137 762 2204 alienam.
819 2139 857 2202 P.
882 2139 924 2204 38
951 2160 1085 2204 versum

10 2267 11 2338 g
115 2247 249 2314 tertium
272 2269 345 2312 cum
367 2247 563 2332 relegerem,
592 2248 627 2311 in
655 2256 798 2312 mentem
824 2247 904 2312 mihi
932 2247 1086 2313 veniebat

109 2365 255 2438 proximu
281 2371 324 2422 esi
350 2363 430 2428 boreo
460 2357 670 2444 (ociueierida)
692 2361 897 2436 aspritudine
919 2366 995 2440 cet.;
1028 2357 1086 2422 sed

10 2501 11 2554 3
117 2465 251 2551 obloqui
272 2466 403 2532 videtur
429 2467 501 2552 ipse
523 2467 677 2551 scriptor,
706 2467 761 2552 qui
787 2465 888 2552 paulo
915 2471 1087 2552 posthaec

117 2594 264 2640 annorum
284 2580 459 2654 moysiaco
479 2574 616 2641 dederit.
653 2576 700 2641 At
714 2574 805 2642 locus
821 2578 877 2662 qui
892 2584 943 2641 est
957 2599 989 2661 p.
999 2576 1052 2658 51,
1065 2576 1085 2641 3

117 2685 232 2752 dubito
265 2707 344 2750 num
373 2687 454 2750 satis
488 2693 620 2751 sanatus
655 2685 697 2750 sit
721 2685 926 2752 Lachmanni
958 2684 1087 2751 medela

117 2796 250 2882 egregia
276 2795 334 2860 illa
356 2793 490 2881 quidem
517 2795 561 2860 ad
589 2817 739 2877 sensum,
775 2795 833 2861 sed
856 2794 954 2883 paulo
981 2817 1085 2861 remo-

116 2905 200 2970 tiore
228 2927 248 2970 a
274 2905 458 2978 litterarum
481 2905 646 2972 ductibus.
691 2905 830 2973 Servata
855 2905 958 2990 igitur
978 2903 1086 2970 libro-

116 3037 189 3080 rum
226 3013 389 3100 scriptura
424 3016 604 3102 paucisque
639 3013 772 3097 litteris,
809 3036 894 3102 quae
929 3013 1085 3080 facillime

115 3125 311 3190 intercidere
333 3107 519 3210 potuerunt,
543 3124 665 3190 additis
687 3124 863 3210 legendum
886 3125 1018 3191 videtur
1040 3129 1085 3190 id-

117 3255 173 3312 que
205 3239 368 3300 similitudo
401 3244 525 3300 testatur
558 3257 646 3300 asar
672 3242 821 3301 militaris.
870 3235 1021 3320 Denique
1050 3236 1086 3298 in

116 3344 290 3428 fragmenti
312 3367 343 3432 p.
365 3345 423 3426 60,
446 3345 464 3409 7
488 3345 603 3432 quidni
624 3345 746 3410 codici·
770 3345 886 3411 ductus
909 3363 1025 3410 uastae
1047 3363 1085 3404 cr

118 3451 195 3518 olim
230 3453 354 3522 fuerint
391 3461 502 3533 varini,
540 3455 629 3541 quod
665 3455 804 3522 verbum
840 3451 954 3519 eodem
988 3471 1085 3515 sensu
