2560 3958
204 181 248 248 24
450 195 499 243 nn
522 195 584 242 nnn
607 195 740 242 nerem
763 195 837 242 cnr.
854 194 926 242 x1v.

206 335 289 398 caelo
305 351 421 396 summo
437 334 473 394 ad
490 333 583 396 solem
600 334 742 394 diastema
765 351 830 394 esse
845 334 893 394 dia
909 341 1061 402 tessaron‚
1084 333 1114 394 itl
1131 341 1179 395 est

207 421 334 481 duorum
350 426 491 480 tonorum
513 426 543 478 et
558 418 674 488 dimidi,
698 418 734 478 ad
750 423 847 479 terrae
863 425 961 478 antem
976 419 1179 479 summitatem

145 577 150 584 ,
206 504 244 566 ab
268 504 372 565 eodem
392 503 474 564 eaelo
496 511 583 564 tonos
604 520 670 564 esse
690 520 756 577 sex,
787 502 940 580 inquibus
961 504 1000 562 sit
1020 502 1178 582 diapason

208 589 394 670 symphonia.
422 595 578 666 praeterea
592 585 683 648 multa
699 603 774 663 qnae
789 588 894 646 musici
910 593 1036 647 tractant
1051 587 1089 648 ad
1105 585 1178 648 alias
1263 587 1264 658 J

207 672 321 734 rettulit
335 672 434 734 stellas
450 679 480 732 et
493 672 574 733 hunc
592 688 713 731 omnem
727 671 872 731 mnndum
895 672 1089 732 enarmonion
1107 690 1178 732 esse
1198 681 1217 730 5

208 757 345 818 ostendit.
377 774 470 836 quaro
485 754 629 835 Dorylaus
645 757 764 832 scripsit
785 773 850 816 esse
866 756 1009 816 mnndum
1031 773 1178 833 organum

208 842 272 904 dei:
305 837 354 902 alii
375 841 554 902 addiderunt
575 857 641 902 esse
667 839 697 899 id
720 837 938 916 ἑπτάχορδον,
969 840 1037 918 quia
1062 847 1177 918 septem

175 928 267 989 osint
288 943 379 1004 vagae
400 924 518 994 stellae,
550 942 625 1002 qnae
647 922 807 1002 plurimum
830 931 1013 984 moveantur.
1057 925 1107 984 sed
1129 924 1177 984 his

209 1010 348 1072 omnibus
369 1008 515 1069 subtiliter
535 1007 696 1070 tractandis
717 1006 765 1070 hio
785 1007 868 1068 locus
888 1025 949 1068 non
971 1017 1032 1077 est;
1056 1027 1129 1086 quae
1151 1009 1178 1068 si

209 1093 313 1155 vellent
334 1095 365 1152 in
387 1110 479 1153 unum
502 1092 611 1157 librum
632 1094 790 1170 separatim
816 1108 995 1169 congerere,
1024 1101 1122 1153 umen
1145 1095 1232 1153 in10

145 1231 150 1236 .
209 1178 351 1255 angustiis
365 1194 515 1238 versarer:
539 1178 610 1255 quin
625 1177 739 1254 potius,
763 1179 901 1255 qnoniam
916 1195 964 1236 me
978 1175 1093 1254 longius
1109 1176 1176 1237 dnl-

209 1262 283 1322 cedo
298 1263 426 1322 musicae
441 1260 577 1332 abduxit,
593 1261 629 1320 ad
646 1261 828 1339 propositum
844 1268 986 1321 revertor.

155 1353 192 1410 14
271 1345 364 1421 Igitur
379 1347 518 1423 expositis
532 1348 567 1407 iis
583 1363 659 1424 quae
674 1352 742 1406 ente
757 1345 836 1406 diem
850 1344 979 1406 natalem
994 1353 1075 1415 sunt,
1096 1362 1179 1408 nunc
1265 1413 1266 1422 χ

209 1437 241 1489 nt
262 1427 478 1491 climactericoe
496 1430 566 1491 anni
582 1436 754 1499 noscantur,
775 1429 897 1508 quidde
913 1429 1053 1507 gradibus
1074 1430 1178 1489 aetatis

176 1527 191 1574 2
209 1514 357 1575 humanae
372 1531 493 1596 sensum·
508 1515 546 1574 sit
560 1513 665 1574 dicam.
695 1513 788 1574 Varro
804 1515 933 1592 quinque
949 1513 1058 1591 gradus
1073 1515 1178 1574 aetatis
1197 1523 1230 1572 tn

164 1641 167 1648 -
210 1597 404 1678 aequabiliter
429 1606 513 1675 putat
539 1615 603 1659 esse
624 1598 746 1668 divisos,
777 1614 869 1659 unum
895 1593 1043 1676 quemque
1064 1596 1179 1658 scilicet

209 1690 329 1759 praeter
352 1690 516 1744 extremum
532 1684 563 1743 in
578 1700 673 1742 annos
687 1695 743 1742 XV.
780 1683 882 1760 itaque
897 1683 993 1760 primo
1012 1681 1106 1759 gradu
1127 1699 1177 1742 us-

210 1785 268 1845 que
289 1783 399 1830 annum
415 1780 464 1826 xv
487 1784 597 1845 pueros
612 1765 722 1835 dictos,
736 1767 829 1844 ¹quod
844 1767 903 1826 sint
917 1768 999 1844 pnri,
1027 1765 1057 1825 id
1073 1774 1117 1828 est
1131 1767 1176 1827 in·

210 1850 314 1928 pubes.
346 1848 477 1911 secundo
493 1850 529 1912 ad
548 1850 749 1910 tricensimum
770 1867 879 1910 annum
896 1831 1123 1920 adulescentes?
1138 1849 1176 1910 ab

210 1933 368 1994 olescendo
385 1935 427 1994 sic
443 1934 619 1994 nominatos.
651 1935 682 1992 in
698 1935 785 1994 tertio
801 1934 893 2011 gradu
911 1935 961 2013 qni
982 1942 1066 1996 erant
1081 1952 1176 2014 usque
1194 1945 1229 1994 20

211 2019 342 2095 quinque
358 2025 387 2077 et
402 2017 595 2096 quadraginta
611 2035 720 2086 annos,
741 2020 854 2079 iuvenis
868 2017 1197 2119 appellatosQnQ
1267 2029 1268 2036 ’

211 2119 275 2160 rem
290 2100 439 2179 publicem
454 2103 485 2163 in
500 2120 534 2164 re
549 2101 668 2164 militari
683 2108 805 2180 possent
819 2104 927 2164 invare.
958 2105 988 2163 in
1004 2112 1110 2181 quarto
1126 2121 1176 2164 an·

211 2193 270 2246 tem
300 2185 432 2265 adusque
458 2190 694 2266 sexagensimum
724 2205 835 2250 annum
864 2189 997 2248 seniores
1025 2189 1175 2256 vocitatos,

210 2271 292 2348 quod
314 2277 384 2332 tnnc
404 2273 534 2350 primum
555 2289 711 2334 senescere
733 2289 841 2349 corpus
860 2272 1014 2350 inciperet.
1044 2273 1113 2333 inde
1127 2291 1176 2333 us·

211 2373 269 2432 que
290 2356 378 2416 linem
395 2357 471 2416 vitae
491 2357 739 2435 uniuscuiusque
756 2356 891 2433 quintum
910 2357 1036 2434 gradum
1056 2357 1175 2425 lactum,
1194 2366 1229 2417 25

211 2541 414 2552 μ--ισ-ι--η

280 2658 303 2704 1.
321 2654 507 2706 oteresseeon
525 2657 587 2719 DV,
606 2655 650 2708 διὰ
661 2655 803 2720 τεεεάρων
820 2661 892 2722 culpo
960 2661 985 2713 2.
1002 2657 1176 2710 otmtotenen·

210 2737 263 2772 nae
281 2724 320 2782 lt,
344 2720 560 2774 dimidiieterree
584 2726 613 2783 d,
642 2724 863 2776 dimidii-terrae
891 2725 917 2774 V
984 2738 1177 2777 commonerem

209 2791 247 2848 D,
271 2790 430 2842 summitate
447 2793 466 2841 d
474 2791 498 2839 V
566 2793 590 2842 3.
614 2790 648 2840 αδ
667 2789 759 2842 eonem
777 2794 803 2842 Ι)
871 2791 1003 2858 otupeson
1022 2796 1059 2855 Ι),
1079 2794 1177 2859 diepe-

211 2872 262 2907 san
283 2857 311 2906 V
325 2855 405 2920 (corr.
422 2875 453 2908 m.
465 2859 502 2922 2),
519 2856 564 2909 διὰ
582 2861 680 2909 παεῶν
696 2861 769 2923 culpo
838 2862 863 2914 4.
882 2871 980 2910 mucre
999 2877 1029 2926 q,
1047 2863 1072 2909 D
1141 2863 1177 2912 etl

211 2923 282 2975 elius
300 2940 346 2978 om.
370 2926 396 2976 V
461 2929 486 2978 5.
506 2941 625 2977 seruam
643 2926 709 2988 DV,
728 2929 834 2979 eornd
901 2943 1067 2980 enormomon
1086 2928 1177 2989 (enar-

210 2992 284 3042 moni
302 2993 321 3042 d
336 2995 362 3043 in
373 2993 439 3058 rae.)
456 2996 482 3045 D
550 2995 574 3044 6.
593 2993 714 3045 dorilnus
737 2994 765 3043 V
829 2997 852 3046 t.
872 2994 900 3044 id
918 2993 1094 3061 ἑπτάχορδον
1113 2995 1176 3046 Soa-

209 3056 541 3121 tiper‚1oesrraxoraon
559 3064 592 3123 D,
611 3061 639 3111 id
658 3066 701 3112 est
718 3066 859 3126 lexopoon
880 3063 906 3112 V
955 3063 1030 3128 quie]
1050 3063 1099 3127 qui
1119 3063 1145 3112 V

211 3127 251 3175 12.
270 3139 406 3176 musicae*
423 3130 449 3179 D
517 3131 558 3180 13.
576 3129 621 3179 his
643 3129 670 3179 V
737 3127 792 3194 ᾔΙ)
861 3133 906 3182 14.
923 3131 1177 3194 octmaorenloali,

210 3192 394 3244 climacteriei
411 3195 470 3246 dV
477 3199 549 3262 culpo
618 3199 660 3250 1t.
678 3211 764 3261 unque
784 3196 818 3248 ed
835 3201 907 3262 culpo
978 3201 1018 3249 19.
1038 3195 1177 3250 secuntus

210 3262 248 3324 n,
267 3261 404 3312 secundos
426 3264 455 3313 V
518 3263 688 3316 tricesimum
710 3264 739 3313 V
802 3268 843 3316 20.
862 3265 1038 3317 ennesoenlto
1056 3265 1114 3316 DV

211 3343 282 3386 enar
305 3329 361 3379 DV
438 3333 481 3382 21.
503 3332 618 3383 iuuenes
645 3331 673 3381 V
738 3347 915 3398 appensurus
937 3335 962 3384 I)
1031 3337 1072 3384 23.
1097 3330 1176 3383 eons-

210 3410 263 3460 que
281 3415 313 3448 se
331 3396 424 3456 (eratin
442 3397 486 3461 eb)
504 3399 543 3457 Ι),
561 3413 649 3462 nsque
669 3398 704 3448 ed
726 3400 754 3450 V
808 3413 1019 3467 sexegtnotmnm
1037 3402 1076 3466 D,
1098 3415 1178 3450 sexe-

208 3465 318 3529 gesimo]
331 3465 365 3524 ,V
432 3469 474 3518 24.
493 3472 604 3532 tnctptat
624 3465 664 3529 (at
681 3468 700 3518 d
716 3469 743 3517 in
754 3463 820 3533 ros.)
838 3468 871 3528 D,
890 3469 1009 3534 incipiet
1030 3469 1058 3518 V
1070 3472 1142 3533 culpo
