2560 3958
191 161 232 228 72
484 170 689 222 nnaonnnrt
713 171 862 220 car.xv.

431 431 481 481 ns
500 399 663 481 nomenis
683 427 925 480 stnrmomos,

258 565 429 647 Pyrriohius

412 650 533 729 Rapite,
550 651 643 727 agite,
660 649 737 709 ruite
753 647 945 726 celeripedes.

194 736 366 798 Contrarias
382 742 426 796 est
442 736 510 795 huie
527 743 555 794 et
571 731 834 811 duodeeaspliabus
849 732 1045 811 spondiazon,

397 817 454 878 Olli
470 820 593 880 crateris
610 836 645 878 ex
664 818 773 878 auratis
788 816 959 878 hauserunt.
1184 829 1204 878 5
1254 863 1255 888 ,

193 903 331 968 naor-tus
1203 962 1209 972 .

252 925 457 1050 Pynlverulonta
474 995 592 1065 putrem
608 987 704 1046 sonitu
720 987 813 1064 quatit
828 983 937 1062 ungula
953 1003 1098 1064 eampum.

195 1071 432 1152 Amphibraohys
447 1089 508 1132 non
524 1072 590 1132 tacit
609 1087 775 1131 numerum.

258 1159 440 1233 Anapaestus

301 1239 392 1318 eigilis
408 1241 526 1318 sonipes
543 1240 656 1316 rapitur
673 1237 762 1300 ‘celeri
777 1241 875 1299 sonitu
891 1238 1051 1316 trepidans.
1186 1255 1222 1304 to

196 1325 330 1387 Creticus

349 1407 469 1468 Horridi
487 1415 643 1468 transeunt
658 1407 693 1468 ad
710 1407 801 1484 pedes
817 1425 851 1466 ox
869 1409 961 1486 equis

196 1492 422 1554 Palinbacohius
821 1528 824 1534 ‚

349 1577 466 1638 Amicos
481 1577 516 1637 ad
533 1576 610 1636 hano
626 1594 704 1647 rem,
721 1577 746 1636 si
762 1575 854 1646 voles,
872 1577 989 1636 advoco.

196 1662 342 1723 Bacchius
357 1679 416 1722 non
431 1660 500 1722 tacit
515 1678 681 1722 numerum.
1185 1683 1222 1730 15

197 1745 342 1808 Molossus
356 1747 435 1807 idem
452 1753 496 1806 est
512 1748 563 1824 qui
578 1745 766 1822 spondiazon.

262 1830 346 1891 Nunc
369 1830 616 1908 quemadmodum
640 1827 827 1906 aprinoipali
848 1829 969 1890 heroico
991 1827 1091 1905 plures
1112 1846 1165 1889 nu·

196 1916 273 1974 meri
294 1914 540 1990 transfigurantur
562 1913 723 1973 ostendam.
767 1930 801 1972 ao
823 1915 936 1991 primus
957 1915 1107 1974 trimetros
1128 1915 1167 1973 sit

198 1997 335 2057 heroicus
350 1995 542 2074 spondiazon.

350 2079 433 2141 Cives
448 2080 573 2142 Romani
589 2088 660 2142 tuno
675 2081 744 2141 tacti
760 2089 828 2142 sunt
844 2081 997 2158 Campani:
1186 2105 1223 2154 20

199 2164 341 2246 syllabam
365 2183 468 2235 unam,
491 2168 566 2246 quae
588 2172 720 2226 estante
742 2173 919 2234 extremam,
942 2184 977 2226 ex
993 2165 1079 2244 longa
1097 2184 1167 2226 oon·

197 2250 301 2320 traho,
318 2257 351 2310 ut
366 2250 404 2310 sit

352 2334 436 2396 Cives
451 2333 576 2395 Romani
592 2343 661 2394 tuno
676 2334 745 2394 sacti
761 2340 830 2394 sunt
844 2333 944 2413 Apuli,

199 2426 229 2479 et
245 2435 310 2480 esse
326 2420 424 2497 coepit
438 2420 599 2480 trimetros.
630 2439 668 2480 *s
685 2418 846 2497 elegiacum
864 2418 1014 2491 transibit,

519 2501 598 2562 Belia
615 2521 669 2582 per
683 2503 843 2564 Emathios.

198 2629 401 2639 ..ψ-ι.-

266 2773 290 2820 2.
310 2770 465 2834 pmmohms
483 2771 508 2820 D
578 2772 602 2820 3.
621 2771 690 2834 conf.
707 2771 828 2824 Ribbeck.
849 2780 914 2840 τηρ.
933 2775 980 2828 rel.
1001 2789 1029 2837 p.
1048 2774 1101 2822 228

195 2843 223 2890 4.
248 2836 397 2904 poneropon
422 2837 510 2904 (agon
532 2839 558 2887 io
576 2835 646 2904 ros.)
670 2838 706 2899 D,
730 2838 902 2904 spondiaeon
928 2840 956 2888 V
1022 2841 1045 2890 ὁ.
1070 2839 1170 2888 Ennius
1204 2856 1207 2863 ¹

198 2910 283 2959 anatol.
299 2910 351 2957 604
419 2906 545 2966 coateri&
568 2902 679 2968 (sterib3
698 2909 724 2956 ta
736 2904 801 2972 rna.)
820 2907 854 2970 D,
874 2907 1004 2970 eraserim
1028 2908 1053 2957 V
1121 2921 1168 2956 ou·

197 2978 294 3026 serunt
316 2977 341 3025 V
409 2978 433 3026 6.
453 2973 573 3026 dsetilns
595 2974 622 3024 V
688 2976 713 3026 7.
730 2975 798 3038 conf.
823 2976 901 3040 Verp.
920 2976 987 3028 Aen.
1009 2974 1100 3034 VIII,
1119 2976 1171 3023 590

197 3043 223 3092 8.
248 3041 473 3106 amphibreohtus
501 3043 524 3091 V
594 3043 619 3092 9.
639 3045 792 3106 anapestus
814 3042 838 3089 V
909 3044 948 3095 10.
973 3043 1014 3092 12.
1036 3043 1074 3092 14.
1097 3041 1168 3104 conf.

196 3107 320 3158 Iiibberlr.
338 3116 403 3174 trop.
422 3111 469 3161 ret.
492 3125 518 3172 p.
533 3111 591 3162 231
662 3110 702 3160 12.
727 3125 760 3159 er
785 3123 862 3174 equts
887 3111 944 3160 DV
1010 3111 1049 3160 ta.
1073 3123 1169 3174 pomn-

197 3175 313 3226 sachrus
336 3175 375 3233 D,
397 3175 603 3240 palimbaohius
631 3176 659 3225 V
725 3179 766 3230 14.
790 3181 821 3226 ut
844 3177 917 3228 soles
941 3177 1078 3229 advocato
1102 3178 1170 3229 coni.

197 3243 294 3294 Iatour
365 3245 404 3297 to.
424 3243 541 3294 bachius
558 3244 584 3292 V
652 3245 691 3295 16.
709 3244 829 3296 molotius
847 3246 872 3295 V
939 3247 980 3298 18.
1001 3257 1171 3309 neonemqu-

198 3327 272 3364 aanr
290 3313 318 3374 ΒΙ
384 3310 414 3361 fit
436 3311 461 3360 V
479 3311 525 3374 (ero
541 3311 596 3374 sil.)
614 3315 687 3378 oripo
756 3314 797 3363 20.
817 3313 873 3363 vide
890 3328 971 3378 sopra
987 3329 1015 3376 p.
1034 3314 1079 3374 68,
1098 3313 1131 3361 to

198 3382 240 3430 21.
266 3384 362 3432 contre
379 3380 490 3430 hoo·ut
512 3381 549 3430 sit
570 3381 595 3429 V
663 3382 704 3430 23.
730 3393 822 3446 aputu
845 3381 869 3429 D
938 3383 979 3433 24.
1006 3391 1170 3429 rntmemron

199 3449 258 3498 DV
321 3447 557 3510 26.Lucan.I,1
