2560 3958
208 207 229 271 6
464 215 512 262 nn
534 215 596 262 nm
618 211 750 262 ueram
773 211 847 260 ear.
865 211 910 260 rv.

174 371 191 417 4
209 373 387 437 quamquam
406 371 466 414 non
487 353 582 414 solum
602 353 665 423 hio,
689 352 786 412 sedet
805 349 853 412 alii
869 357 938 412 sunt
956 356 1110 428 praeterea
1126 349 1178 410 dei

210 439 368 519 conplures
389 439 541 499 hominum
563 439 651 497 vitam
674 453 800 514 prosus
824 437 948 514 quisque
969 435 1105 512 portione
1122 433 1176 492 ad·

209 523 423 593 minicnlantes,
440 539 515 600 quos
526 521 672 582 volentem
684 537 864 598 cognoscere
880 516 1177 596 indigitamentorum

210 608 278 669 libri
298 610 369 668 satis
385 605 559 668 edocebunt.
594 605 647 665 sed
663 621 766 665 omnes
781 604 812 664 hi
827 603 920 664 semel
935 605 964 664 in
980 621 1039 664 uno
1056 619 1176 682 quoque

153 749 160 766 ,
208 693 328 753 homine
349 693 502 754 numinum
523 707 647 751 suornm
674 689 810 750 ellectum
831 695 1073 766 repraesentant,
1099 705 1174 766 quo·
1196 699 1212 746 5

210 779 288 837 circa
308 793 368 838 non
390 793 445 857 per
466 791 554 836 omne
575 775 650 834 vitae
665 774 791 851 spatium
814 773 896 832 novis
911 771 1105 850 religionibus
1126 789 1174 832 ar·

175 869 384 922 ecessuntur:
414 859 519 936 genius
540 865 637 919 autem
665 859 705 918 ita
726 856 813 916 nobis
834 855 974 917 adsiduus
1002 854 1174 916 observator

210 946 360 1021 adpositus
376 951 435 1011 est,
457 953 491 1002 ut
506 959 544 1002 ne
558 949 669 1022 puncto
684 940 802 1018 quidem
817 941 961 1018 temporis
975 938 1091 1016 longius
1107 939 1173 1000 abs-

210 1029 308 1098 cedat,
333 1026 385 1086 sed
408 1026 550 1086 abutere
572 1026 673 1086 matris
696 1031 833 1104 acceptos
854 1025 891 1084 ad
913 1033 1078 1086 extremum
1101 1023 1174 1083 vitae

210 1113 287 1172 diem
304 1111 474 1171 comitetur.
512 1108 563 1170 sed
588 1128 653 1170 cum
678 1108 785 1188 singuli
804 1109 940 1170 homines
961 1126 1030 1169 suos
1044 1114 1173 1168 tantum·
1195 1117 1226 1166 10

212 1195 300 1254 modo
322 1195 459 1273 proprios
479 1193 577 1278 colant
600 1192 726 1262 natales,
757 1211 811 1272 ego
832 1199 930 1253 tamen
958 1191 1067 1269 duplici
1089 1199 1173 1270 quot·

176 1293 191 1341 6
210 1279 294 1338 annis
315 1278 411 1338 olticio
431 1278 555 1339 huiusce
575 1277 727 1354 religionis
750 1278 932 1354 adstringor:
957 1293 1025 1336 nam
1047 1293 1114 1336 cum
1137 1293 1173 1336 er

209 1370 238 1424 te
253 1370 361 1440 tuaque
375 1363 502 1422 amicitia
516 1360 662 1422 honorem
678 1361 849 1438 dignitatem
865 1361 956 1421 decus
978 1359 1072 1436 adque
1088 1376 1173 1437 prae-

210 1446 333 1515 sidium,
351 1453 456 1506 cuncta
472 1445 598 1524 deniqne
613 1446 688 1505 vitae
703 1447 834 1521 praemia
848 1446 1006 1522 recipiam,
1028 1445 1111 1505 nefas
1127 1460 1173 1504 ar·

209 1529 319 1598 bitror,
348 1531 373 1590 si
394 1529 471 1589 diem
493 1537 592 1608 tuum,
621 1531 672 1608 qui
687 1536 716 1590 te
730 1529 803 1589 mihi
823 1531 853 1588 in
869 1527 946 1588 hanc
960 1528 1057 1590 lucem
1074 1527 1173 1596 edidit,
1194 1538 1227 1585 15

209 1631 276 1674 meo
291 1612 341 1675 illo
357 1614 480 1693 proprio
496 1612 696 1690 neclegentius
712 1612 916 1674 celebravere:
939 1611 987 1673 ille
1009 1614 1086 1674 enim
1102 1611 1174 1671 mihi

99 1695 105 1702 '
209 1699 314 1766 vitam,
330 1697 379 1758 hic
394 1699 468 1758 vitae
483 1697 613 1758 fructum
629 1698 724 1776 adque
740 1704 945 1758 ornamentum
961 1704 1151 1775 pepererunt.

174 1791 193 1847 4
274 1781 420 1852 Quoniam
436 1788 516 1841 aetas
535 1798 551 1840 a
567 1781 614 1840 die
629 1780 718 1840 natali
733 1781 846 1841 initium
862 1782 951 1840 sumit
965 1787 1090 1858 suntque
1106 1787 1173 1840 ante
1263 1783 1264 1832 l

208 1863 288 1924 huno
313 1865 389 1924 diem
411 1864 503 1925 multa
523 1881 599 1942 quae
619 1864 656 1924 ad
676 1864 829 1924 hominum
849 1866 998 1942 pertinent
1018 1863 1172 1940 originem,

209 1964 269 2007 uon
285 1946 412 2008 alienum
428 1947 544 2008 ridetur
565 1947 601 2007 de
622 1947 658 2008 iis
672 1949 755 2025 prius
770 1943 869 2008 dicere
890 1967 965 2027 quae
985 1955 1053 2009 sunt
1067 1954 1173 2008 natura
1191 1957 1225 2006 20

208 2031 318 2107 priora.
355 2033 446 2108 igitur
467 2048 542 2110 quae
557 2029 705 2092 veteribus
729 2033 765 2092 de
782 2033 895 2110 origine
915 2033 1042 2094 humana
1063 2032 1174 2092 luerint

209 2115 377 2192 opiniones,
396 2133 430 2174 ex
446 2115 493 2175 his
509 2115 651 2192 quaedam
668 2115 796 2178 breviter
812 2134 966 2197 exponam.

174 2214 190 2262 2
272 2199 370 2260 Prima
394 2207 424 2259 et
440 2199 586 2276 generalis
601 2201 733 2279 quaestio
755 2203 833 2262 inter
855 2202 991 2278 antiquos
1012 2199 1174 2278 sapientiae

208 2282 354 2344 studiosos
370 2290 483 2344 versata
501 2291 559 2353 est,
584 2283 678 2361 quod,
702 2301 770 2344 cum
786 2289 900 2344 constet
914 2283 1051 2344 homines
1073 2285 1172 2360 singu-

207 2363 253 2434 los
276 2385 311 2426 ex
332 2372 488 2447 parentum
505 2366 667 2437 seminibus
681 2373 855 2445 procreatos
877 2368 1066 2428 successione
1080 2365 1172 2444 prolis
1191 2377 1224 2425 25

150 2511 155 2520 ,
208 2448 298 2510 multa
320 2449 438 2512 saecula
454 2467 636 2529 propagare,
661 2449 710 2511 alii
725 2469 844 2529 semper
859 2451 994 2512 homines
1008 2452 1099 2530 luisse
1118 2468 1172 2510 nec

207 2552 346 2613 umquam
373 2536 429 2596 nisi
456 2553 491 2596 ex
517 2533 686 2595 hominibus
712 2543 798 2596 natos
825 2537 919 2616 adque
946 2554 1048 2596 eorum
1071 2536 1173 2612 generi
1207 2597 1210 2602 ,

208 2625 296 2694 caput
320 2618 532 2696 exordiumque
558 2616 670 2677 nullum
699 2621 828 2681 extitisse
854 2619 988 2682 arbitrati
1011 2627 1094 2689 sunt,
1124 2617 1173 2678 alii

206 2717 276 2760 vero
292 2700 382 2762 luisse
398 2707 515 2779 tempus
531 2718 597 2761 cum
613 2701 749 2763 homines
763 2720 823 2762 noo
839 2713 951 2775 essent,
970 2710 999 2764 et
1013 2703 1059 2763 his
1075 2710 1171 2764 ortum

174 2781 337 2862 celiquem
359 2785 599 2863 principiumque
624 2791 730 2846 natura
750 2786 902 2849 tributum.
939 2788 990 2850 sed
1017 2789 1099 2866 prior
1123 2785 1224 2846 illaec

274 3005 299 3054 4.
317 3003 432 3053 librisd
484 3003 734 3054 scmssedocesuur
752 3005 777 3052 D
829 3002 870 3053 hu
887 3005 912 3053 D
947 3015 950 3022 ·
981 3007 1005 3055 5.
1025 3019 1172 3069 quociens

154 3111 155 3116 ,
206 3069 232 3120 Ι)
300 3069 324 3119 6.
345 3082 424 3120 noste
442 3070 468 3118 D
537 3071 736 3134 ascessslurun
753 3071 786 3133 D,
807 3085 851 3120 mu
867 3073 894 3121 in
911 3087 991 3137 marp.
1010 3073 1133 3122 cadsand

207 3137 231 3188 9.
252 3150 372 3200 acepros
390 3138 427 3196 D,
453 3136 586 3202 adceptos
604 3141 671 3201 dV,
696 3138 731 3188 ad
750 3152 845 3188 cereos
865 3143 892 3188 et
911 3143 978 3190 extr.
997 3140 1173 3190 Lachmanmra

208 3205 248 3253 10.
269 3216 384 3252 rourum
404 3202 521 3255 moooD
575 3206 614 3255 11.
634 3220 705 3270 quor
724 3218 804 3256 aunis
822 3206 846 3254 D
899 3209 939 3256 12.
958 3207 1089 3271 aequoris
1107 3207 1132 3254 D

152 3329 155 3334 ¹
207 3271 345 3334 astringor
367 3272 392 3321 V
460 3273 500 3324 13.
518 3277 600 3337 atque
622 3273 655 3337 V,
673 3275 733 3324 item
749 3288 785 3323 cs.
799 3275 831 3322 17
843 3279 868 3323 et
880 3277 914 3323 27
983 3277 1024 3326 16.
1047 3288 1100 3324 neo
1117 3272 1172 3338 gle-

207 3339 317 3403 gentius
339 3341 366 3388 V
426 3353 643 3391 casneosoueac
662 3341 687 3390 Ι)
757 3341 797 3390 ts.
817 3355 961 3404 suusquae
978 3343 1003 3392 D
1072 3343 1112 3392 20.
1131 3340 1172 3390 his

205 3407 226 3454 d
247 3407 273 3455 io
295 3421 348 3460 ros,
375 3406 412 3469 V,
437 3422 504 3458 corr.
531 3407 648 3458 Halmius
717 3410 758 3458 21.
784 3409 827 3462 22,
849 3408 963 3458 fuerunt
985 3435 1017 3446 -
1041 3408 1172 3473 quasdam

206 3471 304 3524 Ichana
373 3475 414 3524 28.
433 3471 521 3540 capud
539 3475 564 3523 D
969 3479 972 3485 '
