2560 3958
195 199 239 274 14'
438 225 487 272 on
508 223 570 271 mu
592 221 724 270 uarum
747 222 822 270 cnr.
838 224 919 271 vus:

194 364 331 444 signifer,
348 381 436 443 quem
452 363 558 424 Graeci
572 373 677 423 vocant
692 361 849 431 zodiacon,
865 364 895 422 in
911 380 969 441 quo
985 361 1030 421 sol
1045 368 1074 423 et
1088 360 1159 422 luna

195 456 371 527 ceteraeque
391 445 492 508 stellae
513 465 603 525 vagae
626 447 771 508 seruntur.
808 445 857 506 hic
871 449 903 506 in
918 445 1073 508 duodecim
1089 463 1159 526 par·

193 542 238 594 tes
258 532 379 593 totidem
400 534 492 610 signis
511 532 640 593 redditas
663 528 857 610 aequabiliter
878 530 985 592 divisus
1006 539 1058 592 est.
1090 549 1158 590 eum

195 616 240 677 sol
259 633 357 678 annuo
380 618 474 696 spatio
490 617 624 678 metitur:
647 617 686 676 ita
708 617 737 675 in
753 633 813 676 uno
829 633 947 693 quoque
966 616 1049 694 signo
1065 615 1159 676 ferme

194 719 286 763 unum
301 719 434 762 mensem
455 707 596 762 moratur.
628 700 680 761 sed
696 701 812 778 signum
829 698 982 778 quodlibet
996 717 1063 760 oum
1080 706 1158 760 ceto·
1179 709 1197 756 5

194 788 236 846 ris
258 785 381 863 singolis
401 785 492 846 habet
511 792 646 845 mutuum
667 790 874 862 conspectum,
897 791 1071 844 nontamen
1093 784 1158 842 uni-

194 871 320 931 formem
343 888 410 931 cum
432 869 585 930 omnibus:
619 885 687 928 nam
708 866 866 928 validiores
887 867 950 938 alii,
980 868 1159 928 infirmiores

195 955 242 1015 alii
257 953 414 1015 habentur.
454 955 544 1032 igitur
560 971 619 1032 quo
633 958 768 1032 ternpore
784 960 886 1031 partus
908 953 1090 1030 concipitur,
1114 949 1160 1011 sol

194 1041 224 1100 in
245 1037 343 1116 aliquo
364 1038 448 1116 siguo
470 1038 508 1096 sit
523 1053 644 1098 necesse
660 1044 704 1097 est
723 1045 752 1098 et
765 1036 795 1096 in
812 1034 908 1115 aliqua
929 1039 992 1097 eius
1006 1034 1158 1115 particula,

161 1132 290 1201 nquam,
306 1121 405 1182 locum
426 1122 627 1200 conceptionis
647 1123 769 1200 proprie
790 1119 948 1200 appellant.
977 1130 1047 1182 sunt
1062 1126 1159 1182 autem
1179 1129 1214 1178 to

195 1207 251 1266 hae
266 1204 428 1284 particulae
448 1207 479 1266 in
494 1223 553 1266 uno
569 1223 686 1286 quoque
708 1207 794 1282 siguo
808 1207 954 1273 tricenae,
977 1205 1067 1266 totius
1088 1221 1160 1266 vero
1184 1220 1186 1226 ·

195 1290 306 1350 zodiaci
326 1306 452 1350 numero
473 1301 594 1351 ccccx.
631 1290 684 1350 has
700 1291 806 1351 Graeci
827 1307 946 1350 moeras
967 1291 1159 1366 cognomina-

195 1382 280 1442 runt,
304 1391 339 1434 eo
302 1373 492 1472 videlicet
506 1373 585 1452 quod
601 1373 671 1434 deas
687 1372 790 1434 fatales
805 1379 979 1453 nuncupant
992 1373 1108 1435 Moeras
1130 1381 1161 1434 et

196 1476 248 1518 eae
264 1434 427 1536 particulae
441 1457 527 1518 nobis
542 1457 622 1518 velut
636 1458 695 1518 iata
706 1465 795 1518 sunt:
818 1475 886 1518 narn
902 1476 959 1537 qua
974 1459 1158 1538 potissimum

162 1552 177 1600 6
195 1543 312 1602 oriente
326 1558 483 1603 nascamur
498 1540 658 1620 plurimum
678 1542 780 1603 refert.
812 1541 856 1602 sol
873 1560 944 1620 ergo
960 1560 1027 1604 cum
1043 1544 1073 1603 in
1088 1560 1158 1622 pro·
1177 1551 1210 1600 15

196 1628 307 1687 ximurn
323 1627 439 1705 signum
454 1627 654 1697 transcendit,
675 1625 774 1686 locum
794 1625 877 1687 illurn
894 1627 1095 1705 conceptionis
1110 1634 1161 1688 aut
1266 1627 1267 1632 ’

195 1711 333 1772 inbecillo
353 1712 432 1772 videi
452 1718 614 1788 conspectu
634 1718 684 1772 aut
711 1713 797 1772 etiam
819 1728 874 1772 neo
896 1711 1053 1789 conspicit:
1092 1728 1160 1771 narn

195 1794 297 1873 plures
308 1796 505 1873 proximantia
515 1794 633 1855 sibimet
647 1794 753 1854 zodia
745 1797 870 1856 invicem
885 1813 917 1855 se
928 1796 1034 1856 videre
1040 1797 1159 1856 omnino

194 1887 387 1957 negaverunt.
418 1885 447 1937 at
468 1896 535 1938 oum
554 1879 690 1938 intortio
712 1885 757 1939 est
771 1880 869 1956 signo,
891 1879 949 1940 hoc
965 1887 1009 1940 est
1024 1898 1083 1940 uno
1098 1896 1159 1939 rne-

196 1963 244 2023 dio
259 1963 447 2038 interposito,
470 1970 542 2038 tunc
556 1963 685 2041 primurn
706 1960 787 2022 illum
802 1962 909 2023 locum
912 1945 1026 2024 tinde
1010 1982 1064 2042 pro
1066 1964 1161 2024 iectus
1179 1975 1212 2024 20

196 2051 241 2106 est
255 2045 356 2106 videre
371 2045 492 2116 dicitur,
521 2046 573 2106 aad
591 2045 673 2107 valde
694 2045 814 2126 obliquo
837 2056 866 2108 et
885 2047 1011 2110 invalido
1032 2047 1158 2116 lumino;

196 2130 247 2208 qui
263 2135 439 2209 conspectus
453 2137 576 2192 vocatur
590 2129 670 2193 κατὰ
685 2129 861 2206 ἑξάγωνον,
879 2133 947 2213 quia
963 2139 1076 2193 sextam
1091 2149 1159 2210 par·

195 2225 255 2276 tem
270 2213 375 2276 circuli
391 2215 552 2277 subtendit.
582 2232 651 2276 narn
666 2217 706 2287 si,
730 2223 764 2276 ut
783 2217 912 2295 aprimo
933 2217 1018 2278 zodio
1040 2217 1077 2278 ad
1099 2224 1157 2277 ter·

193 2300 344 2368 tium,·sic
360 2317 377 2360 a
393 2301 480 2360 tortio
496 2300 531 2360 ad
548 2300 692 2379 quintum,
708 2301 777 2361 indo
791 2319 882 2379 porro
898 2301 934 2361 ad
949 2303 1109 2382 septimum
1124 2319 1158 2362 ac

196 2383 336 2462 deinceps
360 2382 489 2444 alternae
504 2383 601 2445 lineae
623 2385 807 2456 emittantur,
834 2385 981 2464 hexagoni
1001 2385 1158 2465 aequilate-
1177 2397 1209 2445 25

162 2467 264 2528 iralis
289 2466 384 2528 forma
408 2467 438 2528 in
465 2468 569 2528 eodem
595 2468 707 2529 circulo
733 2469 891 2532 scribetur.
935 2471 1014 2530 hunc
1041 2469 1158 2547 quidam

195 2559 387 2630 conspectum
402 2570 462 2613 non
477 2570 689 2632 usquequaque
702 2562 896 2635 receperunt,
907 2555 991 2633 quod
1007 2555 1158 2614 minimum
1184 2583 1187 2588 ·
1243 2533 1250 2556 ⁵
1268 2543 1269 2546 '

161 2644 177 2692 8
196 2635 233 2695 ad
253 2637 452 2696 maturitatem
472 2643 575 2715 partus
596 2636 749 2698 videbatur
773 2639 919 2700 conferre.
951 2657 1018 2699 cum
1038 2657 1107 2700 vero
1129 2640 1159 2697 in

263 2921 374 2986 lgreoi
394 2921 421 2970 V
486 2925 511 2974 9.
534 2927 562 2972 et
583 2923 644 2974 add.
665 2923 787 2974 Cauchius
852 2925 896 2976 10
913 2939 1050 2990 propolae
1067 2927 1093 2975 Ι)

194 2991 234 3038 12.
260 3001 369 3038 nomem
386 2990 410 3038 D
473 2991 550 3054 greci
572 2990 597 3039 V
658 2991 1050 3057 cognominarunt—moeros
1067 3009 1115 3046 om,
1137 2993 1162 3042 V

195 3058 236 3106 13.
259 3049 368 3119 quoii
347 3069 396 3104 eas
415 3056 440 3105 D
510 3058 550 3110 14.
568 3056 622 3107 hae
645 3059 671 3108 V
736 3059 836 3124 ueulur
858 3073 948 3110 uacua
966 3061 990 3110 D
1013 3067 1073 3110 anie
1095 3077 1158 3122 rae,

193 3122 441 3186 necutisoaaeaad
509 3138 562 3188 qua
584 3124 650 3188 DV,
682 3126 782 3190 quiad
851 3129 891 3182 15
915 3141 1075 3178 nascanuun
1096 3128 1159 3188 DV,

193 3204 261 3239 corr.
277 3189 400 3240 Cauchius
469 3192 509 3242 19
530 3193 597 3289 θειε·
589 3207 618 3241 ιιι
636 3206 689 3262 uno
711 3193 738 3242 V
803 3196 844 3248 22.
861 3191 990 3262 vocatur]
1011 3195 1114 3246 dieitur
1136 3195 1164 3243 V

120 3343 125 3348 ,
193 3290 365 3343 καταεξαιιυ
358 3305 424 3341 uou
441 3293 479 3356 J),
503 3254 705 3346 καταεξαιωιιοιι
728 3295 754 3344 V
770 3294 794 3360 (ε
812 3299 873 3349 add.
891 3312 921 3347 m.
940 3295 1005 3360 rec.)
1074 3299 1115 3348 23.
1134 3299 1159 3346 si

192 3364 224 3409 ut
243 3359 347 3418 Carrio,
371 3373 413 3410 tus
431 3361 469 3421 D,
494 3361 571 3412 euius
590 3362 756 3414 dVIalznus
824 3365 865 3414 25.
885 3377 976 3415 cunae
994 3365 1050 3416 DV
1066 3363 1159 3428 (ortum

193 3443 229 3478 eac
246 3427 352 3494 cintae)
423 3440 622 3480 aeottruouuua
639 3431 665 3479 I)
734 3445 850 3498 exaqom
873 3432 1156 3496 aequissimorum,

194 3497 348 3562 arragoniae
362 3509 408 3560 qur
399 3495 549 3547 lateratis
565 3497 593 3546 V
652 3498 695 3549 26.
709 3512 895 3550 scemeeeuun
907 3501 966 3561 DV,
980 3516 1048 3554 corr,
1060 3499 1159 3550 Iohnus
