2560 3958
201 195 244 260 22
446 209 494 255 nu
518 207 579 254 um
601 207 733 254 uerum
756 206 831 254 cnr.
848 205 921 252 xur.

203 367 259 411 neu
285 347 396 409 tibicen
423 345 562 408 omuibus
585 345 849 426 supplicationibus
874 347 905 406 iu
931 346 1024 406 sacris
1050 343 1180 406 aedibus

204 431 412 503 adhiberetur,
437 449 496 491 nou
511 449 579 492 cum
594 431 713 492 tibicine
729 431 814 492 Marti
835 429 1003 507 triumphus
1024 439 1177 507 ageretur,

205 534 265 577 non
279 515 408 595 Apollini
424 516 551 585 cithara,
575 533 633 577 uon
650 515 739 575 Musis
754 515 846 575 tibiae
862 523 1023 593 ceteraque
1035 513 1063 574 id
1079 531 1179 591 genus

205 608 304 662 essent
324 600 489 676 adtributa,
514 619 573 660 uon
594 599 778 668 libidinibus,
802 618 857 678 per
878 616 953 676 quos
968 600 1089 659 numina
1111 597 1179 676 pla·

205 694 329 757 cantur,
347 693 425 747 esset
439 685 616 764 permissum
633 691 684 744 aut
698 683 784 744 ludos
798 682 917 762 publice
932 683 1031 743 lacere
1047 701 1081 744 ac
1096 683 1179 744 vesci
1200 694 1217 743 5

204 771 236 829 in
251 769 408 849 Capitolio,
438 777 489 830 aut
504 768 738 846 Quinquatribus
753 766 940 837 minusculis,
965 767 992 827 id
1010 775 1055 828 est
1076 767 1178 834 idibus

172 848 178 858 '
207 853 305 924 luniis,
322 854 428 916 urbem
443 855 548 913 vestitu
565 871 625 930 quo
642 852 748 913 vellent
764 854 929 930 personatis
945 851 1178 932 temulentisque

172 953 188 1002 3
207 941 371 1016 pervagari.
417 937 570 996 hominum
593 955 712 1016 quoque
735 946 849 997 mentes
869 945 898 997 et
919 938 1018 1016 ipsae,
1041 937 1177 1014 quamvis

204 1023 334 1100 Epicuro
361 1020 557 1091 reclamante,
589 1022 703 1082 divinae
724 1039 807 1082 suam
828 1029 964 1083 naturam
993 1020 1178 1099 pernicius

204 1113 379 1183 agnoscunt.
424 1106 551 1184 denique
574 1124 633 1184 quo
656 1105 769 1166 lacilius
791 1107 934 1167 sufferent
954 1104 1102 1176 laborem,
1128 1105 1231 1167 vello

204 1191 233 1249 in
250 1191 330 1249 navis
345 1195 442 1250 meatu
458 1208 474 1250 a
490 1198 607 1253 rectore
622 1191 795 1270 symphonia
812 1190 983 1252 adhibetur:
1008 1189 1177 1266 legionibus

205 1290 323 1352 quoque
343 1274 375 1333 in
397 1275 459 1335 acie
482 1275 689 1336 dimicantibus
711 1277 796 1335 etiam
813 1283 909 1336 metus
926 1277 1029 1334 mortis
1049 1274 1176 1336 classico

170 1355 373 1434 edepellitur.
419 1358 456 1419 ob
478 1375 565 1436 quam
592 1367 657 1420 rent
677 1359 874 1438 Pythagoras,
906 1365 938 1424 ut
964 1361 1094 1420 animum
1120 1377 1175 1422 sua

208 1459 326 1520 semper
341 1443 491 1503 divinitate
506 1443 662 1514 imbueret,
679 1445 762 1521 prius
777 1461 864 1520 quam
876 1461 908 1504 se
924 1461 1029 1504 somno
1043 1443 1129 1526 daret
1145 1451 1177 1504 et

206 1543 274 1586 cum
291 1534 368 1587 esset
383 1530 568 1607 expergitus,
589 1529 700 1589 cithara
718 1534 750 1588 ut
765 1528 863 1588 lerunt
879 1535 998 1588 cantare
1014 1546 1175 1590 consueue-
1196 1541 1228 1590 15

206 1617 267 1680 rat,
285 1619 315 1670 et
329 1611 516 1689 Asclepiades
531 1613 664 1678 medicus
677 1613 921 1692 phreneticorum
938 1620 1052 1674 mentes
1068 1613 1176 1674 morbo

206 1693 340 1756 turbatas
366 1715 455 1774 saepe
481 1716 536 1776 per
563 1698 756 1776 symphonian
786 1715 857 1758 suae
886 1704 1008 1758 naturae
1035 1697 1174 1758 reddidit.

206 1777 386 1858 Herophilus
401 1789 517 1852 autem,
534 1785 605 1842 artis
622 1782 751 1842 eiusdem
768 1781 935 1859 professor,
954 1799 1093 1850 venarum
1108 1782 1175 1865 pul-

173 1881 189 1931 5
207 1879 257 1925 sus
271 1863 417 1943 rhythmis
433 1866 552 1925 musicis
574 1867 613 1924 ait
628 1867 750 1926 moveri.
787 1867 885 1944 itaque
901 1868 926 1926 si
942 1873 972 1926 et
994 1869 1021 1926 in
1039 1869 1175 1944 corporis

207 1955 236 2006 et
256 1949 285 2007 in
307 1949 397 2007 animi
412 1956 493 2008 motu
510 1955 555 2008 est
568 1949 737 2019 harmonia,
764 1947 870 2028 procul
886 1950 974 2010 dubio
996 1970 1012 2011 a
1027 1951 1175 2012 natalibus
1192 1963 1226 2012 20

206 2033 441 2111 nostrismusica
457 2050 516 2093 non
533 2039 576 2093 est
592 2031 695 2093 aliena.
791 2099 794 2105 ,
842 2035 844 2039 ’
1116 2098 1120 2106 ,
1267 2103 1268 2106 ¹

155 2126 191 2186 13
271 2116 315 2174 Ad
330 2114 404 2175 haec
419 2116 533 2177 accedit
548 2117 626 2196 quod
642 2117 824 2198 Pythagoras
839 2120 968 2197 prodidit
983 2120 1062 2181 huuc
1077 2125 1173 2182 totum

208 2199 350 2259 mundum
371 2202 482 2272 musica
503 2201 615 2263 lactum
631 2205 763 2274 ratione,
788 2212 960 2283 septemque
976 2203 1074 2266 stellas
1094 2207 1173 2266 inter
1267 2237 1268 2276 r

207 2283 320 2343 caelum
343 2291 372 2344 et
386 2293 497 2347 terram
512 2303 614 2363 vagaS,
639 2306 721 2366 .quae
736 2289 904 2351 mortalium
926 2307 1051 2366 geneses
1071 2290 1173 2350 mode·
1267 2305 1268 2366 ζ

208 2374 329 2439 rantur,
360 2377 472 2430 motum
493 2371 604 2432 hebere
626 2373 801 2451 eurythmon
829 2381 856 2434 ei
878 2372 1030 2433 intervalla
1052 2375 1172 2435 musicis
1191 2387 1224 2436 25

209 2451 389 2514 diastematis
411 2473 557 2534 congrua,
589 2458 762 2536 sonitusque
782 2459 878 2519 varios
899 2458 1027 2520 reddere
1047 2476 1103 2537 pro
1119 2477 1172 2520 sua

271 2673 294 2720 2.
315 2687 376 2721 cum
395 2689 441 2726 om.
459 2674 485 2723 V
552 2673 649 2737 Marti]
666 2689 719 2724 aur
738 2678 770 2738 D,
790 2693 836 2726 om.
854 2678 887 2742 V,
907 2681 955 2726 aut
972 2677 1096 2728 tubicine
1108 2678 1172 2729 Iab-

203 2751 262 2799 nus,
289 2739 380 2788 avitus
398 2741 531 2790 Prellerus
549 2741 620 2790 Rom.
640 2741 748 2806 Mptbol.
765 2760 792 2808 p.
811 2745 958 2807 smyrnion·
975 2747 1001 2794 in
1019 2760 1072 2795 aun
1090 2749 1172 2796 latere

203 2809 280 2855 omum
298 2817 401 2870 meurs,
432 2809 501 2874 quod
517 2810 543 2858 in
561 2808 618 2857 DV
637 2811 749 2860 additum
768 2819 829 2874 post
852 2827 1009 2878 agehenna,
1039 2815 1087 2863 sed
1103 2815 1129 2863 in
1146 2815 1171 2862 D

202 2887 282 2937 super
298 2889 396 2924 uersum
465 2879 489 2926 3.
510 2875 646 2941 appollini
668 2877 694 2924 V
747 2877 908 2929 chrranaD
976 2883 1001 2931 4.
1020 2881 1171 2931 riureinidus

204 2941 325 3002 (ciuibus
344 2944 363 2992 d
380 2945 405 2992 in
423 2941 489 3009 ras.)
507 2945 533 2994 D
591 2945 739 3009 quosDV,
760 2945 832 3009 quod
850 2949 869 2996 d
936 2948 963 2997 6.
981 2961 1128 3012 ceptrumo
1145 2948 1170 2998 D

202 3006 265 3070 quib
278 3023 413 3070 parmene
427 3022 513 3061 miuus
527 3026 622 3068 ocums
639 3012 695 3061 DV
762 3015 786 3062 7.
805 3028 892 3065 nones
911 3016 969 3064 DV
1016 3021 1129 3066 u'esrtro
1145 3018 1171 3065 Ι)

202 3075 226 3123 9.
247 3089 361 3140 eptcono
379 3077 403 3126 D
473 3079 514 3128 10.
531 3077 634 3134 iieilius
656 3081 687 3141 V,
708 3097 777 3134 corr.
790 3097 820 3130 m.
835 3097 889 3136 rec.
958 3085 999 3134 11.
1020 3087 1114 3134 meatu
1131 3087 1173 3134 uel

201 3144 307 3192 metatu
330 3145 371 3192 uel
395 3148 470 3193 motu
488 3146 621 3196 Fontanus
645 3149 681 3197 ad
698 3149 815 3199 Macroh.
839 3152 865 3198 in
888 3165 967 3201 somn.
987 3150 1058 3214 Scip.
1078 3151 1123 3214 II,
1143 3153 1168 3214 3,

202 3208 352 3259 meruDV
398 3214 586 3263 uecroneDV
638 3217 678 3266 13.
710 3216 899 3282 hytegorasV
950 3220 990 3271 15.
1002 3218 1168 3282 surhanoD,

202 3276 318 3338 cythera
340 3277 368 3326 V
432 3281 473 3331 16.
494 3279 667 3345 ascneptabis
687 3231 745 3345 llio
757 3301 811 3335 res.
828 3301 878 3348 pro
898 3301 925 3348 e,
943 3291 972 3335 ut
982 3284 1092 3350 uidetur)
1111 3288 1136 3336 D

201 3357 417 3396 euenertooaum
436 3347 494 3397 DV
559 3350 599 3398 18.
623 3351 783 3415 cenophrnus
801 3352 855 3402 DV
907 3365 1003 3404 aurem
1022 3367 1127 3404 moeris
1145 3355 1169 3404 D

201 3414 241 3465 19.
261 3413 386 3464 nruhmts
404 3415 463 3465 DV
526 3419 567 3466 20.
590 3417 619 3465 in
637 3433 683 3468 om.
707 3419 732 3468 V
747 3422 819 3484 culpo
881 3423 961 3470 enimi
978 3421 1025 3486 (mi
1037 3424 1092 3473 din
1103 3421 1167 3486 ras.)

200 3480 225 3526 D
295 3481 418 3533 armonia
440 3483 467 3533 V
533 3485 574 3537 22.
594 3483 705 3534 accehm
723 3487 762 3550 Il,
782 3485 885 3536 eccidit
903 3488 957 3538 dV
