2560 3958
189 161 234 226 44
435 175 483 221 un
505 175 566 222 um
588 173 721 222 uanam
743 175 818 223 car.
835 175 908 222 xm.

192 315 265 384 diei,
282 316 333 392 qui
348 331 459 376 annum
474 331 577 374 rerum
594 311 784 391 suppleturus
799 312 965 382 videbatur,
989 313 1116 373 instituit
1130 320 1165 375 ut

191 406 313 478 peracto
324 397 501 477 quadrienni
513 399 641 459 circuitu
654 398 716 458 dies
726 415 813 468 1111,
827 397 878 458 uhi
891 397 1000 458 mensis
1013 399 1164 476 quondam

192 482 320 553 solebat,
348 490 416 560 post
438 481 602 544 terminalia
624 480 865 552 intercalaretur,
898 481 977 560 quod
1000 499 1081 541 nunc
1102 481 1164 543 his·
1261 487 1262 494 ’

142 581 172 630 11
193 578 306 627 sentum
322 574 452 629 vocatur.
485 586 520 628 ex
536 567 593 627 hoc
609 584 687 628 anuo
708 569 747 627 ita
763 585 779 626 a
795 566 867 628 lulio
883 567 1009 628 Caesare
1025 566 1164 628 ordinato

192 653 284 712 ceteri
304 650 339 712 ad
361 658 494 712 nostram
520 652 694 712 memoriam
714 650 819 712 luliani
840 650 1039 730 appellantur,
1076 653 1165 730 eique
1185 662 1205 712 6

129 733 132 740 ’
193 732 383 814 consurgunt
403 754 439 795 ex
462 741 566 816 quarto
589 737 722 798 Caesaris
743 734 905 796 consulatu.
952 737 1002 814 qui
1028 737 1165 798 etiamsi
1261 809 1262 816 ἵ

194 821 306 900 optimo
322 841 338 882 a
355 843 385 894 a,
400 837 460 880 uon
472 819 527 880 soli
542 828 641 880 tamen
657 821 693 881 ad
709 838 819 880 annum
834 829 957 882 naturae
973 822 1063 899 aptati
1078 827 1163 880 sunt:
1261 819 1262 822 ’

193 923 262 966 nam
279 913 307 965 et
321 905 438 981 priores
453 905 536 974 anni,
554 905 640 964 etiam
657 905 748 984 siqui
763 905 1016 966 decemmenstres
1032 904 1163 976 luerunt,
1261 927 1262 930 ¹

193 1007 249 1050 nec
271 989 383 1049 Romae
409 987 496 1048 modo
524 987 569 1048 vel
598 1006 651 1066 per
671 988 799 1059 ltaliam,
837 989 889 1048 sed
917 997 945 1048 et
966 995 1036 1066 aput
1057 997 1165 1065 gentes

144 1085 175 1132 12
194 1079 316 1142 umnec,
335 1079 477 1150 quantum
499 1080 629 1150 poterat,
652 1073 731 1133 idem
752 1072 872 1134 luerunt
893 1073 1030 1132 correcti.
1061 1073 1165 1150 itaque
1185 1083 1221 1132 10

194 1174 262 1217 cum
285 1156 321 1216 de
343 1155 440 1236 aliquo
462 1173 609 1218 annorum
631 1175 756 1219 numero
777 1157 825 1218 hic
846 1157 974 1226 dicetur,
1006 1155 1165 1217 11111111
1261 1175 1262 1214 t

193 1258 248 1320 par
264 1242 320 1300 erit
335 1258 423 1318 quam
440 1241 589 1301 naturales
606 1243 750 1320 accipere.
1261 1243 1262 1262 ¹

257 1325 293 1384 Et
309 1325 334 1386 si
349 1327 433 1402 origo
449 1325 551 1385 mundi
571 1325 600 1384 in
615 1325 767 1386 hominum
784 1327 917 1386 notitiam
932 1327 1072 1394 venisset,
1094 1325 1165 1387 inde

143 1411 177 1472 21
197 1409 350 1470 exordium
366 1427 564 1470 sumeremus:
588 1427 667 1470 nunc
681 1428 752 1470 vero
768 1409 797 1470 id
818 1409 1004 1470 intervallum
1019 1411 1166 1488 temporis

194 1493 328 1554 tractabo
350 1493 430 1571 quod
452 1493 614 1554 historicon
636 1493 728 1553 Varro
756 1491 891 1573 appellat.
935 1495 984 1554 hic
1005 1494 1084 1553 enim
1107 1495 1164 1554 tria
1185 1505 1220 1553 15

195 1578 364 1640 discrimina
391 1585 559 1656 temporum
585 1595 650 1639 esse
669 1577 772 1647 tradit,
800 1579 929 1655 primum
951 1577 987 1638 ab
1009 1573 1166 1637 hominum

195 1663 341 1742 principio
357 1662 395 1722 ad
410 1661 619 1742 cataclysmum
635 1663 775 1739 priorem,
792 1662 1008 1743 quodpropter
1024 1663 1163 1738 ignoran-

194 1748 264 1807 tiam
286 1753 408 1806 vocatur
428 1745 547 1816 1111111,
579 1747 744 1808 secundum
771 1765 787 1806 1
808 1745 983 1825 cataclysmo
1004 1747 1105 1824 priore
1125 1746 1163 1806 ad

195 1830 389 1909 olympiadem
417 1831 558 1907 primam,
590 1831 684 1907 quod,
716 1831 783 1908 quia
805 1830 896 1890 multa
924 1833 953 1890 in
974 1849 1009 1891 eo
1030 1829 1165 1891 sabulosa

195 1914 384 1982 1111111111,
407 1913 558 1992 mythicon
574 1914 758 1985 nominatur,
782 1915 900 1974 tertium
923 1916 1048 1993 aprima
1071 1913 1164 1995 olym·
1183 1927 1220 1975 to

195 1997 281 2075 piade
297 1996 333 2057 ad
349 2013 418 2064 nos,
441 1997 518 2074 quod
535 1998 644 2058 dicitur
659 1999 836 2069 historicon,
861 2000 929 2077 quia
943 2016 993 2059 res
1012 2001 1043 2058 in
1061 2017 1096 2058 eo
1112 2017 1165 2077 ge·

161 2088 262 2141 astae
284 2081 362 2141 reris
387 2081 517 2142 historiis
543 2084 741 2159 continentur.
786 2085 915 2162 primum
940 2091 1072 2162 tempus,
1103 2084 1166 2144 sire
1261 2077 1262 2128 f

196 2165 298 2226 hahuit
320 2166 435 2226 initium
456 2183 508 2227 111
530 2185 649 2246 semper
669 2167 738 2238 luit,
770 2175 851 2229 certe
867 2173 938 2245 quot
959 2185 1104 2228 annorum
1127 2170 1166 2228 sit

195 2268 256 2310 111
281 2257 379 2329 potest
404 2251 616 2328 conprehendi.
661 2251 825 2313 secundum
847 2268 907 2310 non
936 2251 1023 2328 plane
1045 2252 1166 2331 quidem

196 2336 297 2404 scitur,
315 2334 366 2396 sed
383 2342 481 2395 tamen
497 2336 533 2395 ad
549 2334 630 2396 mille
645 2337 764 2396 circiter
780 2342 809 2396 11
824 2342 975 2396 sescentos
990 2353 1084 2397 annos
1099 2353 1166 2398 esse
1184 2347 1219 2396 11

197 2419 336 2480 creditur.
381 2437 398 2478 a
419 2420 519 2498 priore
546 2419 657 2480 scilicet
678 2419 869 2500 cataclysmo,
901 2438 988 2499 quem
1013 2420 1115 2482 dicunt
1135 2429 1166 2482 et

197 2503 316 2583 Ogygii,
340 2503 376 2564 ad
393 2502 493 2564 inachi
513 2521 639 2582 regnum
660 2521 753 2566 annos
769 2505 888 2566 circiter
904 2515 990 2564 cccc
1006 2527 1021 2566 a
1037 2525 1071 2574 a,
1094 2505 1165 2566 hinc

264 2771 288 2820 2.
306 2783 446 2834 peracre*
463 2771 488 2820 D
557 2769 734 2834 quadriennii
756 2771 782 2820 V
849 2785 958 2824 1111111
977 2775 1001 2822 D
1072 2775 1096 2824 7.
1116 2775 1165 2824 ob-

195 2839 262 2888 timo
290 2838 326 2900 V,
356 2837 580 2906 optime-Ichana
601 2839 656 2888 sine
678 2841 783 2889 lacunae
805 2847 867 2890 nota
935 2841 960 2891 8.
991 2841 1057 2890 anni
1078 2841 1165 2890 Lach-

195 2921 311 2966 mannua‚
335 2921 389 2956 anu
406 2908 466 2966 ¹DV
529 2909 554 2959 9.
578 2905 651 2971 apud
677 2905 702 2956 V
770 2908 810 2959 10.
833 2911 944 2974 poterat
964 2907 1037 2958 idem
1061 2907 1163 2971 Carrio,

195 2973 358 3036 1111111δό
378 2975 410 3035 D,
427 2979 526 3040 postea
543 2973 587 3024 ide
605 2975 631 3037 d,
650 2978 746 3039 postea
764 2973 837 3023 idem
859 2974 888 3024 V
953 2977 993 3024 11.
1012 2973 1166 3025 1111111111

196 3054 249 3089 uon
270 3055 348 3090 actus
368 3043 392 3090 D
461 3045 502 3091 15.
521 3042 676 3093 hasaoareon
690 3039 753 3104 (con
764 3044 790 3092 in
802 3040 868 3107 ras.)
886 3042 920 3102 D,
939 3039 1079 3106 ἰετορικὸν
1091 3045 1165 3107 vulgo

197 3108 237 3158 17.
255 3107 327 3171 quod
345 3135 376 3142 —
396 3106 495 3158 adelon
513 3123 559 3158 om.
583 3110 609 3159 V
677 3110 715 3161 18.
735 3107 855 3160 *adanon
873 3111 908 3172 D,
927 3106 1031 3174 ἄδηλον
1049 3113 1122 3174 uulgo

197 3190 214 3224 a
233 3174 401 3237 cataclysmo
418 3176 509 3240 priore
527 3191 574 3226 om.
592 3177 620 3226 V
667 3189 790 3242 paeonem
807 3177 832 3226 D
901 3179 943 3230 20.
963 3175 1079 3240 μυθικὸν
1091 3181 1164 3242 culpo

196 3243 237 3295 21.
256 3239 397 3306 ἱστορικόν
413 3247 485 3308 vulgo
554 3245 596 3297 22.
615 3257 737 3310 rempurn
755 3245 793 3308 D,
813 3247 920 3299 cornel
987 3247 1030 3299 23.
1048 3243 1121 3308 queo
1138 3245 1165 3294 D

196 3312 238 3360 24.
258 3308 465 3376 conpaaehenht
477 3311 511 3372 D,
530 3311 685 3376 eonphendi
701 3313 728 3362 V
794 3313 837 3362 26.
857 3317 885 3362 11
896 3311 1000 3376 Ogygii
1012 3313 1045 3364 L.
1058 3313 1091 3362 de
1102 3311 1163 3372 Ion,

197 3378 750 3444 11111111),111111111),1111191111.
803 3379 978 3432 parochiis
1028 3379 1109 3429 annis
1130 3379 1163 3439 V,
1261 3395 1262 3398 ¹

198 3448 264 3496 anni
281 3450 345 3497 suut
356 3445 452 3496 Ialraua
522 3443 702 3512 quadragenae
720 3447 752 3506 D,
772 3445 970 3512 quadringenti
991 3446 1017 3496 V
1032 3448 1164 3511 11191111
