2560 3958
273 1016 275 1020 -
321 980 371 1030 DE
390 977 577 1032 ntrunnm
595 977 866 1032 INSTITUTIONE.
1099 979 1114 1038 1

172 1119 268 1202 Initia
290 1157 391 1200 rerum
415 1138 516 1200 eadem
540 1137 685 1200 elementa
707 1147 737 1199 et
761 1139 905 1218 principia
929 1139 1078 1223 dicuntur.

111 1240 144 1282 ea
159 1225 244 1284 stoici
260 1224 385 1285 credunt
400 1231 531 1285 tenorem
547 1223 643 1304 adque
659 1223 820 1284 materiam.
856 1231 1005 1294 tenorem,
1029 1225 1080 1304 qui

109 1315 280 1370 rarescente
303 1309 425 1370 materia
447 1326 462 1371 a
484 1307 580 1369 medio
601 1307 703 1370 tendat
724 1306 761 1368 ad
782 1325 945 1377 summum,
973 1308 1076 1369 cadem

74 1395 90 1444 5
110 1401 321 1454 concrescente
336 1410 440 1455 rursus
457 1411 472 1453 a
488 1410 603 1454 summo
619 1392 767 1453 reseratur
783 1393 818 1453 ad
835 1391 973 1454 medium.
998 1391 1076 1454 Tha·

108 1474 152 1536 les
167 1475 297 1538 Milesius
312 1495 418 1556 aquarn
435 1478 610 1557 principium
628 1478 757 1538 ornnium
774 1478 860 1547 dixit,
883 1485 912 1538 et
927 1475 997 1539 alias
1013 1479 1076 1556 opi·

109 1559 213 1623 niunes
227 1579 315 1639 supra
330 1560 440 1622 rettuli.
465 1562 629 1622 Stoicorum
646 1561 746 1638 opinio
761 1560 923 1638 prohauda,
940 1562 1072 1639 quicum
1091 1576 1107 1624 2

108 1652 172 1704 arte
198 1647 384 1724 conpositum
406 1644 508 1705 mundi
536 1661 609 1722 opus
634 1643 874 1714 considerarent,
905 1643 1076 1706 introduxe-

107 1734 180 1789 runt
199 1735 334 1789 naturam
357 1726 509 1806 providam
526 1745 560 1788 ac
575 1729 762 1808 sapientiam,
783 1745 872 1806 quam
889 1728 962 1788 urdo
977 1728 1076 1807 inper-

58 1817 89 1866 10
108 1810 258 1873 mutabilis
274 1813 456 1883 ostenderet,
473 1819 503 1874 et
517 1812 658 1874 industria
674 1813 784 1874 iactum
799 1813 1074 1892 pronuntiaverunt.

107 1897 168 1957 sive
188 1904 350 1977 perpetuus
371 1899 430 1960 sive
451 1896 612 1977 longaevus
632 1904 676 1960 est
696 1897 825 1959 mundus
848 1904 876 1958 et
896 1899 926 1958 in
942 1897 1110 1957 flammasti

107 1979 169 2041 ahit
188 1988 216 2042 et
237 1983 365 2044 vicissim
387 2002 422 2043 ex
438 1981 565 2044 flammis
585 1990 743 2043 renovatur
763 2000 798 2044 ac
818 1983 998 2053 restituitur,
1022 1981 1077 2042 du·

107 2065 242 2127 rantibus
257 2073 354 2127 tamen
370 2067 532 2145 principiis,
549 2085 605 2128 nec
619 2067 774 2128 reccidere
790 2067 827 2126 ad
843 2065 967 2128 nihilum
984 2066 1075 2127 videri

106 2156 219 2227 petest,
241 2150 320 2231 quud
335 2151 366 2210 in
381 2167 414 2212 se
428 2150 528 2211 deficit
548 2159 577 2212 et
590 2151 620 2211 in
642 2168 673 2210 se
688 2151 863 2226 regignitur.
909 2157 938 2210 et
958 2155 1074 2218 cunstat
1091 2156 1108 2206 4

56 2234 225 2314 liquidem
255 2241 396 2312 quattuor
426 2233 469 2296 eir
483 2235 592 2305 nentis,
628 2242 725 2303 terra,
757 2252 848 2313 aqua,
879 2235 962 2310 igne,
994 2250 1074 2294 acre.

107 2319 190 2379 cuius
205 2317 400 2398 principalem
416 2318 510 2380 su'cm
526 2318 643 2397 quidam
659 2323 780 2398 putant,
802 2324 835 2378 ut
850 2315 1021 2386 Cleanthes:
1047 2323 1076 2376 et

106 2401 288 2482 Chrysippus
308 2402 445 2472 aethera,
470 2404 553 2465 cuius
574 2410 654 2464 motu
669 2404 795 2481 perenni
817 2401 948 2463 subiecta
970 2409 1075 2462 tenen·
1109 2471 1111 2475 ,

106 2495 154 2546 tur
175 2495 204 2547 et
224 2487 484 2556 administrantur,
506 2494 535 2546 et
556 2486 619 2563 ipse
641 2487 760 2564 quidem
781 2486 883 2547 aether
906 2484 977 2546 nihil
997 2487 1074 2565 pati·

105 2580 169 2640 tur;
199 2589 250 2632 aer
270 2571 390 2632 aethera
410 2587 515 2650 supra,
536 2571 613 2632 inira
635 2589 755 2650 aquam;
786 2588 855 2632 aera
877 2587 967 2648 supra
988 2585 1074 2649 aqua,

54 2661 88 2711 20
106 2655 182 2716 infra
208 2663 329 2718 terrain.
374 2663 453 2716 terra
481 2655 580 2716 omnia
606 2673 642 2716 ex
666 2674 698 2717 se
724 2655 856 2717 omniurn
880 2655 1111 2735 permixtiones

109 2793 311 2807 —q——n-—u—

173 2857 224 2908 DE
241 2857 430 2909 NATURALI
446 2855 709 2910 INSTITUTIONE
727 2865 776 2909 cet.
800 2861 867 2910 nullo
889 2860 974 2922 spatio
997 2860 1078 2906 inter-

103 2926 189 2990 posito
218 2926 303 2974 ultima
327 2925 459 2977 Censorini
484 2931 623 2992 sequuntur
649 2927 675 2974 in
695 2923 750 2973 DV
817 2929 841 2976 3.
870 2929 952 2990 utque
985 2923 1011 2972 V

105 2993 314 3046 d.uusutnmol)
365 2993 487 3044 nuneeD
556 2993 764 3044 rnen-nucula
832 2994 857 3044 8.
869 2989 1081 3058 opuemundiV

81 3055 87 3072 '
106 3062 148 3111 10.
168 3063 196 3110 et
212 3075 261 3112 um.
277 3059 336 3110 DV
400 3062 441 3112 12.
460 3074 548 3112 uantur
567 3059 672 3122 (liuntur
691 3057 833 3126 ureteras.)
850 3059 876 3112 D
947 3063 975 3110 et
992 3060 1077 3109 uicis·

106 3128 157 3177 eim
176 3129 237 3178 din
254 3141 308 3176 rus.
379 3128 420 3180 14.
438 3128 553 3179 hericus
565 3128 599 3187 D,
617 3134 667 3176 tum
685 3132 713 3178 et
731 3143 779 3182 om,
791 3129 847 3178 DV
914 3129 954 3178 16.
973 3141 1076 3178 creau-

107 3209 156 3246 ree
180 3209 214 3246 er
236 3207 388 3260 curstppus
407 3195 463 3244 DV
529 3191 569 3262 et]
594 3198 624 3245 ut
646 3195 744 3246 Iahnue
767 3197 902 3247 secundumn
925 3195 1075 3256 Munatium,

106 3265 150 3312 set
167 3263 232 3314 coni.
246 3263 364 3312 Halmius
434 3266 475 3314 18.
494 3277 583 3314 neres
600 3263 625 3312 D
695 3265 735 3314 19.
755 3279 826 3314 uena
845 3262 972 3314 nerhenu
983 3289 1016 3298 -
1030 3277 1076 3313 uu-

106 3343 160 3394 pnu
177 3341 277 3395 uquam
295 3331 360 3394 DV,
376 3345 445 3381 corr.
464 3331 498 3382 L.
513 3330 609 3380 delun
626 3336 651 3380 et
669 3331 702 3382 L.
717 3331 857 3383 irrueretur
874 3337 900 3381 in
911 3330 981 3383 Mur.
994 3331 1077 3382 Rheu-

106 3397 152 3451 ΧΙ
170 3413 198 3461 p.
212 3401 261 3448 159
329 3399 371 3450 20·
396 3410 468 3450 ornat
492 3413 543 3450 exe
565 3399 604 3462 D,
627 3399 700 3450 omni
718 3414 781 3463 aex,
804 3400 895 3450 omnio
912 3412 957 3460 ae,
984 3396 1013 3446 V

105 3477 254 3529 permixrro
271 3465 297 3516 D
