2560 3958
199 211 241 276 36
423 225 473 272 un
495 225 556 271 orn
578 223 710 272 uarum
733 222 808 272 cur.
832 225 931 272 xvrn.

200 368 235 427 iis
256 373 373 448 centum
394 364 524 442 dragmis
551 361 684 441 abusque
711 380 788 423 anno
811 363 1074 443 quinquagensimo
1095 365 1168 428 item

200 449 345 510 decedere
371 449 480 507 inuno
506 466 623 527 quoque
644 447 744 512 binasz
780 466 815 508 ex
838 465 897 528 quo
917 449 1109 526 perspicuum
1131 449 1169 510 sit

200 535 381 594 centensimo
398 546 475 592 anno
493 531 592 592 redire
607 531 643 606 ad
659 533 727 592 anni
744 533 830 610 primi
845 532 962 610 pondus
978 550 1034 594 neo
1050 530 1168 611 longius

203 619 290 677 vitam
307 634 394 696 posse
410 615 587 694 producere.

150 711 182 762 15
264 700 408 770 Quoniam
434 701 523 780 igitur
546 699 628 762 civile
649 700 854 761 Romanorum
876 699 1026 761 saeculum
1049 707 1169 762 centum
1189 711 1206 762 5

200 789 286 847 aunis
301 787 488 861 transigitur,
505 787 582 845 scire
597 784 667 846 licet
681 786 711 843 in
729 785 844 845 decimo
859 784 977 846 saeculo
994 793 1023 846 et
1037 786 1170 863 primum

200 869 328 932 natalem
344 877 427 930 tuum
448 870 539 930 luisse
555 878 584 929 et
599 867 775 930 hodiernum
792 887 874 941 esse„
904 876 975 947 quot
989 879 1086 930 autem
1103 888 1168 930 sae·

201 954 266 1016 cula
287 955 354 1015 urbi
374 954 487 1014 Romae
507 953 687 1022 debeantur,
712 953 812 1014 dicere
833 971 930 1013 meum
951 970 1011 1014 non
1033 963 1091 1016 est:
1116 955 1170 1014 sed

200 1039 271 1119 quid
292 1038 369 1118 apud
385 1037 547 1098 Varronem
568 1037 692 1116 legerim
706 1055 765 1098 non
783 1037 902 1105 tacebo,
925 1040 975 1117 qui
995 1037 1071 1098 libro
1093 1038 1169 1098 anti·

201 1125 345 1202 quitatum
374 1121 631 1183 duodevicensimo
658 1122 699 1181 ait
725 1122 814 1182 luisse
841 1123 975 1183 Vettium
1000 1123 1112 1184 Romae
1137 1125 1170 1184 in
1190 1135 1221 1184 10

200 1207 325 1284 augurio
346 1223 409 1280 non⁴
427 1205 602 1284 ignobilem,
624 1207 743 1284 ingenio
764 1201 885 1284 magno,
914 1208 1006 1268 cuivis
1029 1208 1116 1268 docto
1137 1208 1170 1268 in
1271 1207 1272 1240 r

200 1291 391 1368 disceptando
407 1307 525 1368 parem:
550 1308 617 1351 eum
633 1309 666 1350 se
682 1289 797 1351 audisse
813 1291 976 1362 dicentem,
994 1293 1018 1350 si
1034 1293 1075 1352 ita
1091 1300 1171 1352 esset

200 1382 233 1434 ut
253 1375 407 1436 traderent
423 1374 559 1435 'historici
578 1375 616 1434 de
637 1373 755 1435 Romuli
779 1374 863 1434 urbis
883 1375 1054 1436 condendae
1076 1393 1169 1454 augu-
1271 1405 1272 1444 3

78 1511 89 1527 .
115 1508 120 1517 ,
200 1460 252 1519 riis
270 1477 304 1519 ao
319 1473 371 1518 ΧΗ
386 1458 524 1527 vulturis,
551 1459 689 1537 quoniam
707 1471 777 1518 cxx
793 1477 885 1520 annos
907 1459 1064 1520 incolumis
1079 1477 1170 1538 prae·

200 1545 320 1604 terisset
339 1542 469 1623 populus
483 1543 647 1614 Romanus,
670 1543 706 1602 ad
728 1540 807 1604 mille
829 1551 858 1603 et
878 1544 1022 1605 ducentos
1042 1562 1169 1623 perven·
1189 1555 1221 1605 15
1271 1541 1272 1622 ξ

199 1635 310 1689 turum.
1271 1629 1272 1714 l

147 1713 184 1776 18
265 1712 413 1774 Hactenus
435 1712 546 1774 dictum
568 1712 604 1772 de
624 1711 756 1772 saeculo:
785 1729 865 1772 nunc
886 1711 923 1772 de
944 1714 1028 1774 annis
1048 1713 1169 1774 maiori·
1271 1719 1272 1776 ἶ

199 1797 258 1858 bus
272 1797 384 1866 dicam,
407 1814 533 1876 quorum
550 1796 721 1873 magnitudo
737 1795 811 1856 adeo
828 1795 941 1856 diversa
956 1804 1015 1857 tam
1031 1795 1169 1876 gentibus
1271 1799 1272 1866 ζ

201 1879 357 1942 observata
382 1898 470 1958 quam
497 1879 670 1940 auctoribus
696 1878 801 1939 tradita
828 1887 885 1948 est,
924 1888 956 1940 ut
982 1879 1030 1940 alii
1057 1899 1168 1942 annum
1271 1877 1272 1920 Τ

200 1980 341 2041 magnum
363 1981 429 2025 esse
449 1965 479 2023 in
501 1964 585 2023 annis
606 1962 788 2024 vertentibus
809 1962 938 2038 duobus,
961 1963 1008 2025 alii
1023 1966 1053 2025 in
1068 1963 1168 2027 multis
1186 1977 1220 2027 20

200 2046 320 2108 milibus
336 2064 482 2108 annorum
505 2047 639 2108 arbitrati
654 2048 722 2108 sint.
754 2047 831 2126 quod
848 2046 934 2128 quale
949 2051 999 2116 sit,
1022 2051 1081 2111 iam
1096 2048 1168 2110 binc

166 2141 183 2192 2
201 2131 332 2193 conabor
347 2131 510 2194 absolvere.
533 2138 648 2192 veteres
664 2133 693 2193 in
706 2131 829 2192 Graecia
844 2133 975 2194 civitates
990 2151 1057 2195 oum
1074 2135 1168 2194 anim·
1271 2153 1272 2164 ¹

200 2217 401 2287 adverterent,
425 2217 495 2278 dum
514 2215 558 2276 sol
574 2234 671 2278 annuo
691 2235 781 2278 cursu
797 2216 900 2278 orbem
919 2235 1004 2278 suom
1022 2219 1167 2288 circumit,

199 2300 301 2362 lunam
337 2319 441 2361 novam
475 2303 624 2362 interdum
655 2301 793 2362 tridecies
822 2301 932 2362 exoriri
961 2302 1049 2382 idque
1079 2319 1168 2381 saepe

201 2384 322 2446 alternis
342 2385 420 2454 lieri,
443 2384 577 2446 arbitrati
598 2393 667 2445 sunt
686 2385 805 2446 lunares
827 2385 981 2446 duodecim
999 2403 1116 2447 menses
1138 2394 1169 2447 et
1185 2398 1219 2448 25
1271 2389 1272 2398 ’

201 2469 383 2532 dimidiatum
399 2469 436 2531 ad
451 2487 563 2530 annum
578 2468 741 2530 naturalem
759 2470 924 2531 convenire.
959 2471 1058 2549 itaque
1074 2488 1169 2532 annos

201 2553 299 2614 civiles
326 2556 369 2614 sic
389 2561 569 2623 statuerunt,
594 2561 627 2614 ut
653 2552 853 2616 intercalando
880 2555 1013 2616 iacerent
1038 2555 1168 2617 alternos
1271 2611 1272 2624 ,

201 2635 359 2698 duodecim
379 2656 529 2707 mensum,
550 2636 678 2698 alternos
701 2639 860 2709 tredecim,
882 2647 1041 2719 utrumque
1057 2656 1167 2700 annum

202 2722 362 2798 separatim
386 2728 562 2790 vertentem,
588 2721 705 2782 iunctos
725 2721 813 2780 ambo
835 2739 945 2783 annum
961 2741 1101 2801 magnum
1117 2741 1167 2784 vo·
1271 2791 1272 2802 χ

201 2813 310 2866 cantes.
342 2804 430 2883 idque
450 2812 568 2883 tempus
582 2804 733 2866 trieterida
754 2805 956 2885 appellabant,
978 2808 1057 2886 quod
1078 2808 1167 2868 tertio
1186 2821 1221 2872 ao

202 2907 318 2969 quoque
339 2906 416 2949 anno
438 2888 684 2960 intercalabatur,
707 2892 840 2968 quamvis
856 2890 967 2953 biennii
982 2893 1122 2954 circuitus
1138 2900 1167 2953 et

270 3091 292 3139 1.
316 3089 359 3140 hia
386 3093 414 3140 V
478 3092 602 3156 abusque
624 3092 815 3153 Lucanorum,
838 3091 903 3159 obq,
925 3096 962 3157 D,
991 3097 1049 3160 atq3
1076 3096 1104 3145 V

200 3157 429 3222 quinquagesimo
452 3158 479 3207 V
543 3163 570 3212 3.·
587 3161 739 3210 centesimo
761 3161 786 3210 V
853 3163 877 3212 7.
897 3160 966 3226 quob
983 3164 1009 3210 D
1076 3163 1101 3215 8.
1118 3151 1169 3212 uut
1271 3189 1272 3198 ,

200 3237 243 3273 urs
261 3225 286 3272 Ι)
356 3226 396 3275 10.
420 3225 642 3278 duodeuicesimo
669 3230 697 3279 V
763 3230 803 3278 11.
827 3243 942 3294 aeconio
964 3231 988 3279 D
1057 3230 1167 3294 ignora·

200 3290 285 3340 bilem
307 3292 334 3342 V
398 3306 479 3344 eurus
497 3294 562 3355 DV,
586 3295 645 3346 eiua
669 3313 700 3344 m.
720 3311 773 3346 rec.
793 3299 819 3348 ia
841 3297 869 3346 V
886 3299 913 3348 in
930 3313 1011 3363 morp.
1081 3297 1167 3350 bocro

202 3361 238 3420 D,
268 3357 374 3408 doctori
395 3360 421 3408 V
441 3368 467 3410 et
484 3378 514 3412 m.
532 3364 661 3414 recentior
677 3365 704 3413 in
722 3365 760 3428 D,
788 3364 905 3415 doctiori
922 3365 1099 3416 herimanuus

202 3429 242 3476 12.
262 3429 407 3476 easennli
476 3431 515 3478 13.
539 3429 690 3481 tradebant
712 3430 737 3479 V
805 3433 844 3481 14.
868 3429 933 3498 cxx]
959 3434 1105 3484 exxDV

202 3496 242 3544 18.
261 3490 330 3560 tam]
351 3507 437 3550 antam
457 3496 512 3546 DV
576 3499 617 3548 24.
636 3498 773 3549 terdecies
790 3503 861 3562 culpo
