2560 3958
492 267 703 317 PRAEFATIO·
1010 314 1014 322 ‚
1030 267 1082 317 VII

108 429 187 473 nam
213 404 457 471 incurrentibus
486 413 585 469 antea
612 406 769 489 scriptum
790 404 850 486 sit,
887 425 953 489 non
973 405 1081 490 potuit

107 517 205 604 quasi
226 517 333 580 maius
363 512 520 600 quiddam
543 513 741 597 subiungere
764 512 962 580 Censorinus
992 523 1081 593 arque

110 631 154 690 ud
181 631 280 690 decies
306 634 440 705 septenos
466 643 562 688 annos
591 623 720 708 (vitam)
751 643 839 703 posse
865 661 907 671 -
927 627 1078 702 proferri.

110 736 215 801 Immo
243 735 345 800 verba
373 753 452 812 quae
478 738 539 798 duo
566 733 695 798 initium
723 731 873 798 fecerunt
899 735 1080 799 sententiae

111 844 249 909 alicuius
270 865 357 908 nunc
378 851 564 926 truncatae,
588 864 653 929 qua
675 844 815 929 scriptor
837 845 978 929 primum
1001 843 1080 908 sta-

105 975 186 1018 :seae
207 961 239 1018 et
259 953 472 1018 Etruscorum
494 951 617 1039 placita
639 951 680 1016 de
702 951 873 1017 duodecim
895 951 1082 1018 hebdoma-

105 1064 188 1127 dum
211 1062 316 1149 spatio
338 1062 485 1128 breviter
508 1061 755 1149 comprehendit
777 1073 810 1128 et
832 1062 873 1126 de
894 1060 945 1126 his
968 1063 1079 1128 nescio

105 1171 190 1259 vquid
212 1171 342 1254 adiecit,
365 1176 435 1237 tuni
457 1171 556 1237 aliam
577 1172 742 1258 quandam
763 1171 949 1258 opinionem
971 1181 1081 1257 protu-

106 1281 163 1364 lit,
186 1303 229 1346 ex
251 1302 316 1366 qua
335 1281 472 1347 brevius
495 1283 594 1347 etiam
610 1282 752 1367 spatium
775 1280 1011 1347 concederetur
1032 1283 1080 1347 vi-

108 1400 164 1455 tae
192 1390 370 1474 humanae3
409 1399 521 1456 tamen
549 1397 680 1456 domines
706 1403 832 1456 aetutem
859 1411 946 1456 rcum
980 1392 1079 1476 (haec

108 1501 196 1564 enim
217 1499 288 1564 fere
310 1508 458 1565 extrema
479 1503 514 1564 in
535 1501 653 1566 lacuna
674 1501 890 1588 exciderunt)
919 1506 963 1564 ad
983 1507 1081 1566 decies

108 1621 243 1690 septenos
269 1629 364 1674 uanos
388 1629 477 1688 porse
503 1647 546 1657 —-
570 1613 724 1688 proferre.
768 1611 946 1676 Praeterea
974 1612 1080 1676 obiter

109 1739 325 1783 commemoro
346 1720 382 1782 in
396 1717 485 1783 Livii
505 1717 576 1782 loco
598 1739 694 1804 quem
710 1717 908 1784 Censorinus
925 1736 1080 1805 cap.xvr1

110 1827 222 1909 affert,
247 1828 276 1891 si
292 1828 353 1893 sub
369 1827 468 1891 finem
491 1825 537 1914 (p.
552 1828 605 1910 33,
622 1827 656 1912 8)
679 1837 754 1913 post
775 1834 891 1893 saeculi
911 1827 1078 1894 addideris

110 1941 228 2000 modum
252 1935 523 2024 (0011.p.32,19.
547 1937 664 2021 321),
688 1939 772 2002 hanc
794 1938 974 2004 orationem
997 1937 1079 2004 obli-

109 2069 207 2132 quam
229 2066 296 2110 non
318 2047 459 2110 alienam
473 2046 581 2112 videri
604 2047 772 2133 areliquis
793 2070 876 2134 quae
898 2047 1079 2112 intercide-

110 2157 187 2220 rint.
233 2153 334 2220 Cuius
356 2154 421 2219 loci
444 2155 658 2219 similitudine
682 2156 779 2240 paulo
802 2166 878 2242 post
902 2157 949 2243 (p.
965 2157 1007 2220 35
1014 2205 1023 2236 ‚
1042 2157 1077 2242 2)

107 2265 219 2329 nescio
241 2286 284 2328 an
307 2264 518 2330 scribendum
542 2265 586 2328 sit
607 2271 634 2328 si
648 2270 713 2343 qais
728 2269 826 2330 credit
839 2269 919 2329 ludis
939 2273 1077 2330 succulu-

109 2379 192 2438 rihas
213 2381 337 2437 saecula
359 2381 568 2438 terminari.

131 2473 134 2476 ¹
174 2480 380 2547 Contrariam
407 2481 552 2547 hiatibus
582 2483 762 2568 scripturae
789 2482 912 2563 labem,
948 2483 1081 2567 glosse-

106 2601 198 2656 mata
220 2590 293 2656 dico
316 2591 359 2656 ab
381 2590 672 2676 interpolatoribus
693 2591 867 2674 inculcata,
890 2593 949 2657 vix
969 2593 1079 2657 minus

107 2723 207 2788 saepe
229 2708 344 2765 notare
365 2697 473 2774 debui,
497 2721 536 2764 ac
558 2700 751 2786 saepissime
773 2700 904 2787 quidem
926 2703 962 2766 in
983 2702 1081 2787 frag-

106 2819 228 2875 mento.
272 2809 320 2875 Ut
334 2832 366 2896 p.
382 2810 422 2874 57
426 2858 435 2892 ,
453 2809 493 2874 10
514 2810 617 2875 verba
637 2820 668 2874 et
680 2817 790 2891 poploe
812 2815 947 2889 anafora
969 2817 1080 2877 dicun-

109 2933 158 2985 tur
185 2926 341 2984 nontam
363 2928 537 3006 propterea
565 2919 698 3001 seclusi,
736 2920 826 3004 quod
846 2920 994 3006 intellegi
1016 2944 1080 2986 ne-

108 3029 254 3115 quirent,
292 3028 352 3093 ·ed
384 3029 462 3115 quia
494 3028 585 3093 illum
614 3031 669 3114 qui
702 3051 741 3094 ea
769 3031 902 3116 scripsit
933 3031 1078 3097 voluisse

106 3147 258 3226 putarem
280 3150 308 3202 et
322 3145 439 3218 populo
459 3144 637 3218 oenophora
659 3144 816 3222 dicuntur,
840 3140 1000 3206 eiusmodi
1023 3163 1078 3205 au-

108 3258 176 3313 tem
208 3248 292 3312 mira
320 3249 482 3312 sententia
508 3271 574 3314 non
601 3248 776 3315 tribuenda
809 3273 881 3315 esse
909 3250 1079 3316 videretur
1201 3269 1203 3274 ’

105 3359 173 3444 ipsi
195 3355 401 3443 compilatori
414 3357 601 3443 fragmenti.
639 3358 706 3424 Sed
728 3360 874 3425 notanda
896 3369 946 3424 est
967 3369 1001 3423 et
1022 3381 1078 3442 ap-

107 3466 241 3552 pellatio
268 3487 353 3553 quae
375 3465 534 3571 hocloco
557 3470 659 3553 signis
687 3468 814 3536 zodiaci
842 3467 1023 3553 imponitur
1044 3476 1079 3530 et
