2560 3958
364 249 413 298 me
435 247 498 297 nm
520 247 652 298 ututur
675 248 750 298 our.
766 249 863 298 xxrv.
897 315 898 320 Ἰ
1057 237 1098 302 51

131 390 188 452 diei
210 388 345 452 bilariam
367 395 429 450 tum
450 388 534 450 (linui
554 388 693 454 meridies
712 387 908 454 discernebat.
953 389 1001 451 olii
1020 390 1134 452 diemo

131 473 362 555 quadripertito,
384 474 435 536 eod
452 482 482 536 et
500 482 619 536 noctem
640 472 774 535 similiter
794 473 973 536 dividebant.
1010 475 1098 554 idque

105 559 313 623 'cousuetudo
338 565 462 620 testetur
487 557 637 629 militaris,
664 558 716 620 ubi
740 559 850 621 dicitur
873 557 967 638 vigilie
992 561 1097 639 prime,

128 645 199 706 item
215 643 345 705 secunda
361 651 390 726 et
405 644 491 706 tertia
506 650 535 704 et
550 650 664 723 quarte.

94 737 111 786 o
193 729 272 790 Sunt
289 729 378 790 etiem
397 727 483 807 plura
505 729 601 790 noctis
622 736 652 789 et
673 727 730 790 diei
753 735 887 808 tempora
909 727 973 790 aliis
988 728 1148 792 suino-24

128 819 188 874 tete
208 814 398 892 propriisque
419 812 545 874 discrete
573 812 757 882 nominibus,
788 831 864 892 quae
884 811 963 892 apud
984 819 1098 875 veteres

128 904 232 977 poetes
252 900 362 976 passim
383 899 493 976 scriptu
516 899 716 960 inveniuntur.
748 915 783 958 ea
802 898 902 958 omnia
922 895 1028 958 urdine
1044 916 1097 958 suo

128 999 283 1061 exponam.
315 981 454 1060 incipiam
476 999 492 1042 e
514 989 601 1043 nocte
621 982 733 1052 media,
756 981 835 1062 quod
850 989 968 1062 tempus
988 982 1099 1060 princi-

127 1067 209 1146 pium
231 1073 260 1128 et
280 1071 466 1146 postremum
488 1074 532 1128 est
547 1065 605 1128 diei
618 1066 754 1128 Romani.
790 1075 909 1146 tempus
930 1066 1009 1144 quod
1030 1065 1099 1127 huic

77 1159 109 1208 10
126 1151 296 1230 proximum
317 1158 362 1212 est
383 1158 506 1212 vocatur
528 1151 571 1211 de
593 1151 710 1212 media
731 1159 849 1212 noete:
873 1152 1006 1230 sequitur
1022 1148 1132 1229 gal-2

127 1234 311 1306 licinium,
339 1251 407 1296 cum
433 1233 501 1312 galli
523 1252 630 1296 canere
650 1235 809 1313 incipiunt;
841 1234 909 1296 dein
936 1235 1098 1297 contici-

63 1306 68 1335 ‘
126 1321 243 1388 nium,
271 1336 339 1380 cum
367 1321 591 1388 conticuerunt;
627 1327 696 1380 tuuc
724 1326 810 1380 ente
835 1317 971 1389 lucem,
1007 1319 1098 1380 etsie

127 1401 351 1475 diluculum,
376 1419 444 1464 oum
465 1403 527 1465 sole
542 1403 675 1465 nondum
697 1410 763 1464 orto
783 1405 841 1465 iam
857 1403 946 1465 lucet.
992 1421 1097 1466 secun·
1116 1412 1133 1461 3

127 1487 197 1548 dum
213 1487 375 1550 diluculum
386 1494 507 1549 vocetur
524 1507 641 1557 mene,
659 1505 727 1548 cum
741 1487 793 1549 lux
805 1487 919 1550 videtur
934 1486 997 1549 sole
1012 1496 1098 1558 orto;

75 1582 108 1630 15
126 1579 194 1651 post
217 1573 275 1633 hoc
304 1571 346 1632 ed
373 1571 587 1640 meridiem
625 1579 696 1632 tuuc
723 1571 916 1642 meridies,
949 1572 1029 1650 quod
1055 1579 1099 1632 est

126 1656 216 1717 medii
236 1656 294 1717 diei
315 1673 438 1724 nomem
463 1655 533 1716 inde
555 1656 598 1715 de
620 1653 797 1724 meridie;
822 1654 891 1717 hinc
913 1672 1097 1734 supremo.

126 1742 258 1820 quemvis
273 1738 394 1818 plurimi
407 1756 576 1817 supremam
591 1745 660 1819 post
674 1755 812 1800 occasum
828 1739 898 1800 solis
914 1755 979 1800 esse
994 1739 1099 1800 eristi·

125 1831 222 1894 mant,
245 1826 313 1904 quia
329 1831 374 1885 est
394 1823 615 1886 inrt11tebulis
634 1825 779 1902 seriptum
795 1824 852 1894 sic,
873 1821 967 1885 solis
988 1841 1099 1885 occa·

126 1926 188 1970 sus
210 1907 381 1989 supreme
402 1915 605 1989 tempestas
627 1916 721 1970 esto:
757 1907 809 1970 sed
830 1916 934 1988 postea
955 1907 993 1968 Μ.
1015 1908 1100 1969 Plae-

74 2004 109 2053 20
127 1995 219 2056 torius
248 1993 385 2055 tribunus
412 1993 599 2073 plebiscitum
627 1992 704 2064 tulit,
737 1994 767 2053 in
797 2011 856 2073 quo
882 1993 1027 2072 scriptum
1054 2000 1100 2054 est

125 2078 284 2139 Praetor
310 2076 478 2139 urbanus
503 2079 566 2157 qui
587 2095 684 2138 nunc
705 2085 761 2138 est
782 2079 918 2157 quique
940 2076 1099 2157 posthoc

126 2162 205 2223 lunt
239 2162 309 2223 duo
338 2159 498 2222 lictores
531 2162 626 2241 apud
659 2179 697 2222 se
723 2160 860 2222 hebeto
888 2162 1021 2239 iusque
1056 2163 1100 2222 ud

126 2263 334 2326 supremam
365 2243 421 2327 [ed
436 2244 538 2326 ‘solem
561 2262 699 2306 occasum
721 2242 845 2324 iusque]
874 2246 975 2305 inter
998 2245 1099 2305 cives

127 2331 252 2392 dicito.
283 2335 351 2409 post
371 2347 541 2409 supremam
562 2330 696 2409 sequitur
716 2345 893 2416 vespera,
916 2334 983 2389 ente
999 2334 1097 2389 ortum
1115 2338 1132 2386 4

8 2417 9 2420 ’
73 2414 239 2491 concilicet
259 2415 323 2476 eius
343 2413 446 2476 stellae
468 2431 557 2491 quam
579 2413 698 2474 Plautus
718 2414 961 2491 vesperuginem,
985 2412 1099 2473 Ennius

196 2721 219 2770 1.
238 2732 308 2770 actus
326 2719 352 2768 D
369 2724 429 2768 ante
446 2732 510 2782 roe,
529 2731 598 2768 corr.
618 2717 636 2766 ci
704 2715 746 2766 ote
764 2715 820 2765 DV
886 2717 911 2767 3.
931 2714 1098 2766 consuetudo

126 2787 317 2850 Lachmannue,
342 2784 502 2836 ermentruoo
524 2785 582 2834 DV
646 2786 671 2834 5.
694 2795 857 2850 ‘recuperent
879 2797 1041 2833 suppurare
1063 2784 1095 2843 D,

125 2857 251 2919 tempora
269 2855 419 2906 subnotata
441 2854 470 2903 V
534 2851 739 2905 7.semnna1>
809 2853 849 2900 11.
868 2861 1022 2901 concretum
1034 2849 1096 2908 DV,

126 2921 281 2971 contionum
299 2924 364 2970 coni.
382 2922 414 2970 L.
433 2923 466 2972 de
484 2920 536 2970 Iun
605 2922 645 2969 13.
667 2917 837 2968 oecuoucum
856 2918 894 2980 D,
920 2916 1042 2966 diculum
1064 2916 1097 2976 V,

125 3003 194 3040 corr.
206 3004 238 3037 m.
249 3002 301 3038 rec.
314 2989 340 3037 in
356 2988 382 3037 V
394 3047 397 3056 .
450 2989 490 3038 14.
509 2989 568 3038 orto
585 2988 733 3037 coniectura
745 2985 836 3035 addidi
904 2984 945 3034 16.
963 2981 1032 3034 tneor
1044 2983 1102 3032 DV

125 3059 167 3108 19.
188 3055 301 3116 escol),
319 3057 494 3106 cedoeraea.
553 3066 706 3118 pceroume
725 3053 781 3102 DV
848 3053 1053 3102 lucumonem
1071 3051 1097 3100 Ι)

124 3126 166 3174 21.
184 3127 277 3188 pretor
298 3123 325 3171 V
389 3124 433 3173 22.
451 3122 514 3172 luet
531 3119 650 3184 Modico,
674 3133 738 3170 ruer
760 3119 816 3169 DV
882 3119 983 3170 licoreu
1005 3120 1033 3168 V

125 3193 223 3254 iusque
243 3189 279 3241 cd
291 3189 322 3240 R.
337 3187 476 3240 Sokoelliue
493 3191 556 3255 lepis
573 3188 636 3238 XII
654 3188 730 3240 lobni.
749 3190 796 3238 rel.
812 3203 841 3252 p.
856 3189 916 3248 tc,
935 3200 1015 3250 tuque
1034 3186 1095 3248 DV,

124 3273 211 3323 usque
224 3258 402 3308 Lucumonem
470 3259 512 3307 23.
532 3255 567 3305 ad
584 3255 671 3307 solem
690 3269 820 3306 occanum
837 3254 870 3304 ab
885 3257 942 3320 ipso
955 3253 1095 3304 Censorino

125 3326 275 3390 explicandi
289 3327 377 3390 pratia
395 3325 486 3376 additu
505 3337 561 3374 ecee
577 3325 724 3389 conpleatur
741 3321 882 3375 Schoelline
943 3323 984 3371 24.
1003 3319 1095 3370 eruero

126 3393 232 3456 (ototro
254 3398 314 3444 ante
335 3389 405 3458 rao.)
429 3392 454 3441 1)
528 3402 788 3456 uespenaureortutu
811 3392 849 3452 D,
880 3391 1094 3452 uesperanteeo·

124 3463 487 3524 rumd,ueep·antotorum
504 3459 530 3509 V
580 3460 624 3509 25.
640 3471 782 3524 pcausrus
800 3458 835 3520 D,
853 3457 960 3508 cornd
1010 3455 1095 3504 Plaut.
1161 3515 1166 3524 .

125 3529 253 3594 Amphitr.
273 3529 289 3579 1
309 3532 331 3590 1,
353 3531 401 3576 119

847 3605 892 3668 4*
