2560 3958
181 207 223 272 66
467 216 673 266 snsauaurr
696 215 772 264 aar.
788 216 862 266 xm.

147 370 165 420 4
245 357 493 420 Animadvertisse
520 356 650 420 chordae
670 357 804 418 sonantis
830 354 1001 416 suavitatem
1022 355 1052 415 in
1080 372 1154 416 areu

187 441 328 525 [sororis]
345 439 512 521 Apollinem
530 441 652 502 tradunt
673 450 702 502 et
723 439 885 502 intendisse
901 441 1037 517 protinus
1059 438 1153 500 eitha-

183 546 261 599 ram,
286 536 348 588 tum
366 533 483 588 notasse
500 526 579 606 quod
595 525 780 586 adstrictiora
796 524 843 585 fila
859 541 1018 584 nervorum
1034 524 1065 584 in
1081 541 1151 584 aeu-

183 631 251 674 men
274 612 491 681 excitarentur,
520 610 658 690 gravibus
679 607 895 690 responderent
915 609 1055 676 remissa,
1084 608 1153 668 inde

184 698 289 758 iecisse
316 703 377 757 tres
398 697 511 775 primos
537 695 573 756 de
600 693 708 772 quibus
733 711 822 771 supra
850 692 960 753 dietum
989 698 1046 752 est:
1075 691 1191 752 hanes

184 782 335 860 excepisse
356 781 551 842 intentionem
575 779 733 859 Lycorem,
761 795 848 855 quem
870 776 988 855 quidam
1009 774 1153 854 Apollinis

184 866 275 930 lilium
297 865 417 926 tradunt
444 873 474 926 et
493 863 640 943 nymphae
659 863 848 931 Paramesae,
879 883 894 922 a
916 859 1154 940 Chrysothemidi

183 950 353 1029 reliquisse:
377 949 412 1012 ab
436 969 470 1010 eo
492 949 661 1010 adiunctum
678 946 798 1008 modum
814 948 865 1026 qui
886 963 1095 1026 synemmenas
1110 945 1153 1005 di-

184 1036 274 1096 citur:
312 1034 393 1095 hune
423 1049 580 1094 numerum
610 1033 725 1093 auxisse
752 1029 957 1108 Terpandrum
988 1030 1154 1091 adiectione

184 1120 410 1197 diezeugmenu,
435 1119 485 1197 qui
500 1117 613 1196 primus
630 1135 646 1178 a
661 1115 798 1195 gravibus
812 1117 842 1175 in
859 1133 982 1176 acumen
998 1116 1150 1176 avertitur.
1174 1123 1208 1172 10

185 1203 290 1264 deinde
312 1201 485 1263 Timotheus
509 1201 619 1262 addidit
641 1201 727 1271 duos,
758 1216 933 1279 paramesen
956 1207 984 1260 et
1004 1198 1153 1278 hyperbo-

185 1287 279 1348 laeon.

150 1368 166 1416 5
248 1371 365 1432 initium
381 1371 461 1432 modi
476 1371 584 1431 dieitur
600 1370 698 1436 diesis,
717 1369 870 1430 dimidium
886 1369 1091 1437 semitonium,
1108 1375 1153 1427 to·

185 1464 246 1516 tum
263 1465 358 1516 tonos.
392 1456 452 1515 toni
469 1455 526 1516 duo
551 1463 579 1515 et
595 1454 732 1514 dimidius
754 1453 935 1515 diatesseron
951 1453 1151 1520 nominantur,

185 1551 245 1601 tres
262 1548 292 1601 et
307 1538 444 1602 dimidius
459 1540 612 1617 diapente,
630 1555 681 1599 sex
698 1539 847 1615 diapason.

247 1625 327 1686 llaec
343 1625 471 1686 masinae
486 1641 601 1685 summa
617 1631 693 1684 sunt.

134 1823 169 1882 18
395 1825 445 1874 DE
464 1823 597 1874 METRIS
615 1825 654 1874 ID
673 1823 740 1873 EST
759 1822 933 1874 NUMERIS.

137 2025 140 2040 1
248 1961 340 2021 llletra
357 1960 479 2027 Graece,
501 1959 603 2020 Latine
626 1958 741 2021 autmari
762 1964 913 2018 vocantur.
945 1973 1085 2018 numerus
1107 1965 1154 2017 est

186 2043 351 2122 aequalium
373 2042 482 2119 pedum
504 2041 632 2119 legitima
653 2041 807 2104 ordinatio.
839 2042 927 2102 buius
947 2059 1017 2120 pars
1036 2043 1152 2120 integra

185 2146 252 2206 pes;
274 2134 373 2204 partes
394 2134 463 2187 sunt
480 2126 588 2204 pedum
609 2125 751 2206 syllabae,
775 2125 920 2188 elementa
941 2143 1151 2194 numerorum:
1172 2139 1207 2186 ao

151 2224 166 2272 2
185 2210 341 2272 modorum
365 2210 511 2272 elementa
527 2213 619 2290 spatia
635 2210 810 2290 syllabarum
833 2228 868 2272 ae
886 2218 1030 2290 tempora.
1060 2211 1153 2288 pedes

185 2304 393 2373 conponuntur
412 2313 446 2355 ex
463 2294 583 2374 syllabis
597 2298 751 2356 minimum
766 2296 851 2365 binis,
868 2294 1027 2374 plurimum
1045 2297 1152 2362 ternis;

184 2381 328 2458 incipiunt
349 2379 532 2459 temporibus
547 2378 636 2450 binis,
660 2379 696 2440 ad
712 2399 782 2441 sena
803 2381 996 2459 perveniunt;
1020 2378 1154 2459 hisyllabi

184 2470 337 2546 quattuor,
368 2463 511 2544 trisyllabi
538 2472 615 2525 octo.
661 2463 761 2543 plures
787 2481 874 2542 quam
907 2464 1061 2525 duodecim
1088 2482 1153 2524 esse

183 2567 242 2610 non
259 2557 393 2626 possunt.
1172 2558 1206 2608 25

253 2684 276 2732 1.
290 2683 521 2734 animadvertisse
535 2683 653 2733 chordae
665 2684 848 2743 herimannas,
869 2693 940 2734 auam
959 2682 1090 2734 abuenrts
1110 2699 1154 2733 se-

184 2747 273 2800 cunhe
291 2748 357 2808 DV,
383 2749 610 2801 animadvertisse
634 2750 771 2800 secundae
792 2751 932 2802 Urlichsios
952 2750 1016 2814 (Eos
1033 2751 1070 2800 II
1087 2753 1154 2802 1866

180 2834 209 2883 p.
228 2814 289 2881 460)
359 2817 509 2868 suavitatis
531 2817 558 2866 V
624 2831 689 2866 areu
714 2817 817 2867 sororis
841 2819 865 2867 V
886 2822 969 2884 vulpe,
995 2817 1152 2883 uacuatoao

184 2885 247 2949 (oso
267 2887 294 2934 in
311 2899 389 2950 marp.
409 2885 506 2948 adeor.)
527 2886 559 2944 D,
579 2899 659 2934 arcus
678 2899 745 2935 sono
760 2886 901 2936 Urliebeiua
970 2889 995 2942 2.
1015 2886 1152 2936 citharam

184 2957 240 3002 tum
261 2953 392 3014 Cauchius,
412 2965 629 3004 enrraaenrturn
647 2953 703 3003 DV
770 2955 794 3004 3.
814 2952 980 3004 aharaturon
998 2967 1091 3005 astate
1110 2954 1135 3002 D

181 3022 208 3069 4.
230 3019 362 3084 gravibus
386 3023 461 3070 sonis
484 3023 550 3072 oeni.
573 3021 669 3070 Ioduos
738 3021 762 3072 5.
792 3035 940 3072 aecrssearr
964 3022 989 3070 D
1057 3022 1081 3070 6.
1106 3036 1151 3071 ex-

124 3081 126 3099 '
183 3099 324 3150 capessam
341 3087 366 3135 D
435 3100 556 3138 naconem
575 3089 607 3148 D,
626 3087 759 3152 liquorem
782 3089 814 3152 V,
833 3089 1011 3140 eornIollnus
1031 3086 1106 3152 (Ber.
1125 3090 1151 3141 d.

183 3153 273 3204 Sd'elta.
289 3153 349 3205 Ges.
367 3151 386 3202 Ι
397 3152 461 3218 417)
531 3158 555 3208 7.
574 3169 717 3220 paaarneae
738 3155 810 3220 (ama
829 3155 933 3220 inrue.)
951 3159 984 3219 D,
1004 3169 1150 3222 paramese

187 3221 218 3280 V,
238 3219 392 3271 Parnasius
406 3223 623 3273 etoont.1ohnua
675 3224 879 3276 carsorherutbr
898 3225 952 3274 DV
1019 3226 1043 3274 8.
1063 3237 1096 3274 as
1117 3237 1151 3273 aa

184 3290 239 3339 DV
291 3288 494 3340 sauheumeuos
512 3291 546 3353 D,
567 3290 742 3343 sinenmenoa
770 3294 796 3342 V
863 3289 1099 3345 luttemarssen
1117 3293 1149 3350 D,

183 3355 228 3408 die
247 3369 379 3408 neumeno
402 3357 427 3406 V
495 3359 535 3410 11.
558 3357 756 3423 hrpeanoaeou
776 3360 833 3408 DV
899 3361 938 3409 14,
963 3356 1097 3410 rourbturu
1118 3373 1153 3408 ar

138 3425 239 3473 'DV
305 3422 485 3476 baeressaaou
505 3423 545 3487 (ss
563 3427 672 3488 inraa.)
692 3428 716 3476 D
786 3429 827 3479 20.
850 3443 903 3492 pes
922 3441 1027 3492 parares
1046 3427 1102 3478 DV

184 3491 320 3544 sruama’
336 3494 369 3553 D,
389 3492 500 3558 syllaba
523 3493 549 3542 V
615 3505 757 3546 sumerum
777 3495 801 3543 D
870 3497 910 3545 23.
931 3494 964 3545 ab
983 3510 1014 3546 se
1033 3495 1089 3544 DV
