2560 3958
213 207 256 272 20
471 220 519 266 nn
542 219 602 265 ons
625 217 756 266 nerunt
780 217 854 266 oar.
872 219 918 264 xr.

215 361 339 429 dierum,
357 360 451 420 sexies
467 358 604 428 ductum,
626 375 693 418 cum
711 356 747 418 ad
763 356 840 418 diem
858 356 1112 418 ducentensimum
1130 358 1183 418 do-

180 446 323 506 scimum
346 445 494 522 pervenit,
520 450 668 502 maturum
690 450 875 520 procreatur.
914 441 988 502 alter
1010 450 1107 503 autem
1129 441 1183 504 ille

215 538 332 608 partus,
355 529 404 607 qui
421 529 514 588 maior
530 535 589 594 est,
613 527 717 586 maiori
733 543 858 585 numero
875 528 1059 597 continetur,
1082 533 1182 604 septe-

214 615 298 673 nario
320 612 446 681 scilicet,
474 629 532 690 quo
553 618 613 670 tota
630 611 685 670 vite
706 610 835 670 bumana
856 611 970 681 linitur,
998 618 1030 670 nt
1046 620 1075 672 et
1090 611 1182 671 Solon

215 697 316 758 scribit
336 704 365 756 et
380 697 480 758 ludaei
500 698 529 756 in
551 695 666 755 dierum
689 696 821 756 omnium
843 697 975 756 numeris
990 703 1131 757 secuntur
1153 703 1184 756 et
1204 706 1220 754 5

214 783 407 843 Etruscorum
429 780 498 841 libri
517 779 640 841 rituales
658 780 793 840 ridentur
814 779 955 841 indicare.
986 780 1183 857 Hippocrates

215 885 332 946 quoqne
362 865 468 945 aliique
498 865 605 925 medici
634 866 664 924 in
695 881 856 941 corporum
885 863 1095 924 valitudinibns
1119 882 1181 924 nou

215 952 293 1013 aliud
310 952 483 1012 ostendunt:
508 966 576 1010 nam
598 949 757 1026 septimum
778 966 925 1027 quemque
941 948 1017 1008 diem
1041 950 1181 1008 crisimon

182 1046 197 1095 t
216 1036 382 1097 observant.
414 1035 512 1112 itaque
534 1040 566 1092 ut
586 1031 707 1092 alterius
722 1038 824 1109 partus
840 1033 925 1109 origo
945 1035 976 1090 in
992 1050 1041 1092 sex
1060 1041 1105 1094 cst
1118 1033 1182 1092 die·

215 1120 285 1188 bus,
307 1123 375 1195 post
389 1135 465 1196 quos
479 1134 581 1176 seman
596 1117 626 1175 in
641 1117 814 1194 sanguinem
831 1118 970 1184 vertitur,
991 1117 1031 1175 ita
1047 1116 1134 1176 buius
1150 1117 1181 1175 in
1205 1130 1235 1179 10

216 1210 345 1282 septem;
369 1208 398 1262 et
413 1209 445 1261 ut
458 1197 501 1260 ibi
515 1201 644 1280 quinque
666 1209 694 1259 et
710 1201 829 1278 triginta
851 1199 955 1261 diebus
976 1199 1073 1260 infans
1088 1218 1182 1260 mem·
1264 1271 1265 1280 χ

216 1286 404 1355 bratur,-ita
430 1285 479 1345 hic
508 1301 563 1362 pro
590 1286 726 1363 portione
753 1283 856 1344 diebus
886 1284 948 1345 lere
976 1285 1179 1362 quadraginta.

153 1399 155 1404 ·
216 1389 309 1449 quare
334 1372 363 1430 in
385 1370 507 1431 Graecia
530 1369 592 1428 dies
617 1368 728 1429 habent
754 1367 1014 1448 quadragensimos
1040 1370 1181 1447 insignes.
1264 1357 1265 1374 ¹

216 1473 343 1533 namque
362 1470 529 1533 praegnans
549 1459 617 1514 ante
639 1453 715 1514 diem
732 1453 1010 1532 quadragensimum
1030 1471 1089 1514 non
1110 1469 1182 1530 pro·

217 1539 258 1599 dit
276 1539 439 1606 insanum,
467 1545 710 1617 etpostpartum
731 1536 923 1616 quadraginta
939 1536 1044 1598 diebus
1065 1537 1183 1616 plerae·
1204 1553 1235 1602 15

216 1640 274 1701 que
294 1621 371 1683 letae
392 1623 543 1700 graviores
559 1628 628 1684 sunt
643 1640 698 1683 nec
719 1622 892 1699 sanguinem
914 1622 1062 1682 interdurn
1087 1625 1183 1682 conti·
1265 1683 1266 1692 ,

216 1715 305 1775 nent,
327 1717 357 1768 et
376 1705 489 1785 parvoli
509 1707 603 1768 ferme
623 1726 678 1785 per
693 1707 747 1767 hos
770 1704 862 1786 [l]ere
848 1704 1012 1786 ]morbidi
1034 1709 1098 1767 sine
1119 1707 1183 1768 risu

216 1809 273 1852 nec
293 1793 357 1852 sine
378 1790 511 1868 periculo
532 1798 609 1851 sunt.
654 1789 692 1850 ob
716 1807 802 1868 quam
825 1807 957 1866 causam,
986 1803 1053 1850 curn
1074 1793 1098 1850 is
1119 1791 1182 1852 dies
1264 1713 1266 1868 l

216 1876 385 1954 praeteriit,
408 1876 485 1936 diem
509 1874 617 1934 testum
638 1874 733 1934 solent
749 1875 876 1950 agitare,
898 1875 976 1952 quod
998 1885 1114 1952 tempus
1129 1893 1183 1953 ap-

183 1959 328 2038 ttpellant
347 1959 636 2036 recceommcroriov.
674 1957 704 2018 hi
724 1959 814 2036 igitur
836 1958 898 2018 dies
918 1959 1111 2039 quadraginta
1127 1977 1183 2038 per
1201 1976 1235 2024 20
1266 1989 1267 2038 t

174 2109 176 2118 ,
217 2050 330 2122 septem
351 2041 417 2103 illos
438 2041 565 2104 initiales
582 2040 765 2121 multiplicati
786 2043 857 2103 fiunt
875 2043 937 2104 dies
960 2043 1077 2105 ducenti
1100 2052 1183 2104 octo·

216 2131 311 2205 ginta,
334 2128 363 2188 id
379 2134 423 2188 est
437 2126 640 2189 hebdomadae
655 2127 863 2206 quadraginta:
888 2128 938 2189 sed
955 2130 1092 2207 quoniam
1114 2127 1183 2188 ulti·
1266 2137 1267 2154 ¹

216 2231 282 2273 mae
302 2211 380 2274 illins
400 2212 593 2274 hebdomadis
607 2214 704 2292 primo
721 2212 767 2272 die
791 2211 887 2272 editur
908 2220 1024 2291 partus,
1051 2231 1102 2274 sex
1118 2213 1183 2273 dies
1266 2225 1267 2232 ’

217 2297 363 2358 decedunt
389 2304 418 2356 et
439 2298 679 2359 ducentensimns
704 2297 957 2375 septuagensimus
978 2306 1101 2376 quartus
1127 2297 1182 2358 ob-

216 2388 359 2442 servatur.
412 2383 463 2460 qui
492 2399 635 2442 numerus
665 2381 779 2441 dierum
810 2380 846 2441 ad
876 2387 1063 2458 tetragonum
1099 2379 1181 2442 illum
1200 2397 1235 2447 25

183 2475 199 2524 9
217 2465 430 2528 Chaldaeorum
460 2473 651 2545 conspectum
675 2464 820 2526 subtiliter
842 2467 992 2544 congruit:
1025 2485 1092 2527 nam
1113 2485 1181 2527 oum

284 2687 308 2734 3.
327 2685 432 2733 maiore
455 2683 481 2733 V
545 2686 571 2736 4.
590 2685 694 2733 uitato
716 2683 742 2732 V
758 2684 818 2736 add.
842 2700 873 2737 m
892 2700 945 2738 rec.
1015 2687 1039 2738 5,
1062 2685 1134 2735 rudet
1156 2687 1183 2735 D

215 2753 368 2831 sequuntur
389 2751 417 2798 V
465 2754 551 2801 etam
565 2752 591 2800 I)
659 2751 683 2798 6.
701 2750 880 2816 hippocearrs
899 2755 932 2816 D,
951 2752 1136 2818 hyppocrates
1158 2753 1187 2802 V

218 2821 257 2868 10.
276 2818 318 2868 ite
337 2821 365 2868 ct
386 2819 413 2867 V
479 2819 519 2868 ll.
531 2818 581 2868 ubi
597 2818 624 2867 V
673 2820 846 2883 retqenraD
915 2822 1183 2884 12.ponrtrtorre1)

217 2888 260 2938 13.
278 2883 519 2952 quabnaqtnstmos
536 2886 570 2945 D,
590 2884 816 2950 quadragesimus
838 2886 866 2934 V
913 2888 1038 2953 insignos
1060 2887 1092 2950 V,
1110 2903 1182 2938 corr.

217 2957 231 3002 1
253 2970 284 3004 m.
356 2955 397 3003 14.
420 2967 564 3020 pseqsans
583 2967 652 3000 *ass
671 2968 742 3004 aure
768 2951 877 3018 (titteris
901 2962 1022 3020 quattuor
1043 2957 1182 3021 quinqueve

217 3019 311 3083 erasis)
330 3021 371 3082 Il,
395 3035 534 3085 pregnans
553 3024 618 3070 ente
641 3021 668 3069 V
733 3020 973 3086 quadragesimum
995 3022 1023 3072 V
1086 3037 1184 3088 proce·

216 3085 258 3136 dit
284 3089 347 3137 dV
412 3088 452 3140 17.
479 3087 589 3152 paruuli
619 3087 647 3137 V
711 3085 783 3154 fere]
812 3087 911 3139 infirmi
937 3091 1114 3142 Lacbrncanus

217 3155 260 3204 19.
277 3167 432 3218 praerepta
450 3153 507 3203 DV
572 3170 740 3220 separatione,
757 3158 806 3208 sed
823 3159 928 3207 alterum
946 3173 980 3208 sc
999 3174 1109 3216 erorum,
1130 3159 1155 3208 J)

217 3223 258 3272 20.
278 3233 500 3273 ecceraxocsemt
518 3222 556 3282 D,
582 3239 833 3276 reccesanosranu
856 3224 893 3286 V,
917 3241 985 3276 corr.
1005 3227 1183 3276 Lachmannna

216 3288 254 3338 lm
273 3290 297 3338 D
367 3290 410 3338 21.
429 3287 560 3340 buooeurr
579 3291 738 3356 ooroqeur'u
758 3261 913 3356 (octoginls
931 3291 961 3358 d)
978 3294 1004 3342 Ι)
1072 3293 1183 3346 2261)-

215 3355 350 3408 domadae
372 3356 399 3404 V
463 3359 503 3407 23.
523 3357 682 3409 ebdomadis
704 3360 730 3409 V
790 3358 847 3410 brea
874 3358 943 3422 (ores
961 3367 1022 3411 unte
1039 3360 1104 3424 ras)
1124 3361 1148 3410 I)

217 3425 258 3475 24.
278 3424 482 3475 ducentesimus
500 3426 722 3490 septuagesimus
745 3432 856 3489 quartus
881 3425 942 3490 (aon
960 3429 1067 3493 partus)
1090 3429 1115 3476 V

215 3491 257 3544 26.
275 3491 462 3544 obonbeorrum
481 3492 537 3542 DV
