2560 3958
371 229 420 276 un
442 229 504 276 nm
525 228 657 278 usuum
679 230 754 280 css.
771 231 817 280 1v.
1059 221 1079 283 7

111 371 269 439 sententia,
301 386 358 448 qua
379 385 497 447 semper
517 369 680 430 humanum
702 386 796 446 genus
822 371 913 433 luisse
935 373 1076 444 creditur,

112 462 248 515 auctores
269 453 360 514 habet
374 453 561 532 Pythagoran
577 453 707 516 Samium
731 462 759 516 et
775 453 907 518 Ocellum
924 456 1076 518 Lucanum

111 546 141 599 et
164 539 318 616 Archytan
342 538 536 600 Tarentinum
565 556 727 616 omnesque
753 539 827 600 adeo
853 541 1074 620 Pythagoricos.

110 623 163 683 sed
190 630 219 683 et
244 621 326 682 Plato
351 623 538 684 Atheniensis
564 630 595 683 et
619 622 800 684 Xenocrates
826 630 854 684 et
879 625 1076 688 Dicaearchus

74 705 275 767 5Messenius
299 707 429 785 itemque
459 708 597 784 antiquae
624 707 792 770 academiae
820 705 988 787 philosophi
1014 728 1075 771 non

110 789 189 850 aliud
219 790 353 851 videntur
379 791 502 868 opinati,
536 790 706 852 Aristotcles
732 809 851 871 quoque
872 791 1026 869 Stagirites
1047 802 1077 855 et

109 873 332 952 Theophrastus
352 873 496 954 multique
515 883 670 954 praeterea
684 893 744 936 nou
764 873 909 954 ignobiles
930 877 1076 955 peripate-

109 959 161 1019 tici
175 957 252 1020 idem
268 960 461 1038 scripserunt.
488 960 614 1038 eiusque
629 961 674 1021 rei
693 959 828 1039 exemplo
846 958 963 1040 [dicunt
981 959 1074 1040 quod]

108 1049 219 1120 negant
239 1045 360 1104 omnino
381 1061 470 1123 posse
490 1045 630 1121 reperiri,
653 1061 760 1104 avesna
780 1050 898 1106 antean
915 1061 1075 1122 ovagene·

55 1132 91 1182 10
108 1134 171 1188 rata
187 1128 254 1196 sint,
272 1144 339 1187 cum
356 1135 385 1188 et
400 1145 488 1188 ovum
501 1129 566 1190 sine
580 1146 633 1188 ave
648 1135 677 1189 et
693 1129 755 1188 aiis
769 1129 832 1189 sine
847 1145 902 1187 ovo
918 1129 999 1206 gigni
1014 1145 1074 1188 non

108 1212 210 1289 possit.
240 1212 340 1288 itaque
356 1220 385 1272 et
399 1213 541 1280 omnium,
558 1212 678 1291 quaein
694 1213 874 1291 sempiterno
889 1213 946 1272 isto
962 1212 1073 1272 mundo
1092 1227 1108 1276 t

108 1313 228 1374 semper
249 1295 370 1358 luerunt
392 1297 551 1374 suturaque
572 1303 654 1365 sunt,
682 1297 764 1357 aiunt
783 1296 961 1375 principium
982 1297 1074 1357 luisse

109 1379 237 1449 nullum,
269 1379 319 1440 sed
341 1379 444 1441 orhem
467 1397 531 1441 esse
553 1378 699 1459 quendam
721 1381 927 1458 generantium
949 1397 1073 1440 nascen-

108 1465 256 1542 tinmque,
286 1463 317 1524 in
334 1481 391 1542 quo
407 1466 495 1525 unius
515 1465 658 1541 cuiusque
680 1467 775 1542 gentis
795 1465 912 1525 initium
934 1461 1023 1524 simul
1045 1471 1074 1524 et

54 1547 174 1607 nonnis
198 1565 263 1609 esse
290 1548 434 1609 videatur.
478 1549 529 1626 qui
555 1555 652 1608 autem
673 1547 809 1608 homines
834 1547 948 1625 aliquos
969 1548 1108 1625 primi-o

107 1633 212 1709 genios
233 1631 370 1692 divinitus
390 1639 531 1692 naturave
551 1631 644 1690 laotos
664 1631 821 1690 crederent
840 1629 924 1690 multi
944 1631 1073 1699 luerunt,

107 1715 160 1776 sed
176 1715 261 1776 alitor
276 1715 371 1792 adque
386 1713 472 1774 aliter
486 1713 560 1774 haec
575 1714 790 1774 existimatione
804 1720 927 1774 versata.
958 1729 1026 1774 nam
1042 1721 1075 1774 ut
1093 1723 1109 1769 c

107 1800 237 1868 mittam,
259 1798 337 1877 quod
353 1797 502 1859 lahulares
517 1805 671 1877 poetarum
686 1797 828 1858 historiae
843 1796 956 1866 lerunt,
979 1797 1073 1858 homi-

108 1901 162 1944 nes
183 1884 296 1962 primos
322 1890 372 1943 aut
394 1881 561 1944 Promethei
581 1881 662 1943 molli
683 1881 745 1944 luto
771 1899 835 1944 esse
855 1881 999 1941 tornatos
1025 1890 1075 1942 aut

53 1972 88 2022 20
106 1966 293 2028 Deucalionis
312 1967 503 2045 Pyrrhaeque
530 1967 613 2028 duris
633 1965 781 2044 lapidibus
807 1972 923 2034 enatos,
954 1964 1073 2044 quidam

107 2070 145 2112 ex
171 2052 243 2128 ipsis
264 2051 425 2126 sapientiae
445 2049 664 2129 professoribus
684 2051 785 2112 nescio
811 2068 848 2110 an
869 2050 962 2126 magis
987 2065 1073 2109 mon·

107 2141 254 2202 strumas,
278 2142 359 2194 certe
377 2151 437 2194 non
457 2135 555 2194 minus
571 2133 761 2195 incredibiles
781 2135 930 2194 rationum
951 2149 1072 2194 suerum

9 2251 10 2254 =
106 2219 265 2298 proterunt
279 2219 445 2298 opiniones.
474 2217 691 2279 Anaximander
706 2215 836 2277 Milesius
851 2215 943 2275 videri
959 2214 1014 2275 sihi
1036 2233 1072 2276 ex
1091 2225 1107 2273 7

107 2320 184 2380 aqua
199 2310 337 2381 terraque
353 2301 502 2364 calefactis
517 2309 636 2362 exortos
651 2318 716 2362 esse
732 2302 792 2362 siue
804 2301 902 2379 pisces
917 2315 970 2360 seu
984 2300 1072 2375 pisci·

109 2425 311 2440 -οοι-ιιιὴύι-ιι

178 2491 200 2538 1.
220 2501 290 2552 quae
308 2488 332 2537 D
400 2488 426 2536 D.
444 2486 620 2550 phytagoram
641 2485 666 2535 V
733 2497 836 2535 coetum
854 2484 1030 2543 Ducenium
1052 2483 1081 2532 V

108 2558 134 2606 3.
153 2554 315 2606 messenen
327 2555 366 2614 D,
386 2552 522 2604 architem
544 2554 572 2602 V
635 2552 833 2618 phytagorioos
854 2553 882 2602 V
945 2553 970 2600 4.
990 2549 1075 2600 enhe-

109 2637 221 2672 ntenses
244 2622 282 2684 D,
306 2623 413 2672 cornel
480 2624 523 2670 *et
543 2623 708 2670 xenocrates
733 2619 825 2681 (erasa
843 2619 870 2682 s)
898 2619 926 2666 V
990 2616 1073 2668 hicne-

108 2689 213 2739 enchus
237 2687 311 2751 (icoo
329 2689 348 2738 d
363 2691 390 2738 ln
407 2685 473 2750 aas.)
496 2688 520 2736 D
590 2689 614 2738 5.
638 2702 689 2751 que
712 2701 759 2738 om.
782 2687 808 2736 V
849 2697 854 2701 ·
874 2689 898 2737 6.
922 2699 1074 2735 enecuere·

108 2769 150 2806 nts
163 2757 202 2819 D,
222 2755 373 2806 aristotelis
395 2757 422 2805 V
478 2767 627 2820 erogemus
643 2755 701 2803 DV
766 2755 790 2803 7.
808 2753 1003 2818 uheopnesrus
1021 2752 1078 2802 DV

107 2835 324 2888 pentperoctmct
345 2823 370 2872 D
387 2821 434 2886 V¹‚
457 2838 526 2872 corr.
555 2819 594 2871 V²
662 2823 687 2871 8.
713 2834 898 2871 scutusenunr
920 2821 946 2869 D
1016 2820 1075 2869 eius

108 2890 205 2954 quaeri
224 2889 347 2955 exemplo
365 2889 462 2940 labans
480 2904 515 2939 ecc
532 2891 598 2940 coni.
610 2887 770 2938 narbonens
820 2898 952 2952 exempta
970 2886 1026 2934 DV

107 2959 132 3008 9.
153 2971 300 3022 neppenuu
318 2958 374 3007 DV
439 2969 547 3022 cesena
564 2956 603 3018 D,
622 2970 692 3005 corr.
712 2956 730 3005 d
798 2954 838 3004 10.
859 2968 892 3002 es
910 2966 979 3004 aues
998 2952 1023 3001 D

109 3027 149 3076 ta.
175 3023 326 3090 quaerebam
349 3024 373 3072 D
444 3026 485 3073 14.
503 3035 703 3086 uniusquisque
722 3022 747 3070 D
816 3020 906 3086 geniti
927 3021 955 3068 V
967 3021 1038 3084 culpo

110 3092 150 3144 17.
170 3092 449 3143 suren-auneaD
518 3095 602 3154 atque
625 3089 654 3138 V
716 3088 813 3140 hacV
879 3087 1071 3150 uensanV,

109 3161 175 3210 unde
193 3161 223 3208 in
241 3159 294 3209 huc
313 3157 518 3208 existimatione
536 3157 643 3207 versati
658 3159 731 3221 culpo
783 3157 823 3207 19.
844 3166 995 3206 saumones
1014 3154 1039 3204 D

109 3229 151 3277 20.
171 3228 269 3276 enetos
287 3226 403 3275 Halmius
421 3224 499 3288 (conf.
516 3240 573 3288 cop.
593 3227 618 3288 d,
636 3227 652 3273 1
669 3219 766 3290 enen),
789 3237 893 3274 *nenos
911 3223 949 3286 D,
973 3223 1006 3273 ἶὲ
1024 3237 1074 3271 nn·

109 3298 153 3344 tos
172 3295 197 3356 d,
216 3295 282 3344 rende
301 3306 361 3342 esse
380 3297 461 3343 natos
484 3292 510 3342 V
518 3293 589 3357 culpo
641 3298 701 3356 post
720 3295 817 3344 enatos
835 3305 922 3342 munros
940 3291 969 3339 X
979 3290 1076 3340 soeculi

109 3362 135 3410 in
152 3361 187 3423 D,
205 3376 235 3412 m.
252 3361 336 3425 prima
352 3361 377 3409 in
394 3361 422 3408 V
434 3359 495 3410 odd.
507 3373 584 3422 usrg.
603 3357 685 3424 (uirg.
704 3358 738 3420 V)
755 3359 821 3408 hinc
834 3356 942 3423 lapides
955 3355 1073 3422 pyrrhae

111 3425 202 3492 (pyrre
220 3426 255 3492 V)
273 3429 363 3478 iactos
382 3427 509 3492 saturnia
521 3441 608 3491 regne
627 3429 655 3478 et
674 3425 742 3476 alibi
755 3441 808 3492 quo
820 3430 944 3490 tempore
956 3424 1075 3488 primum

110 3493 257 3546 deucalion
274 3508 393 3545 uacuum
411 3493 519 3560 lapides
537 3493 657 3545 iactauit
675 3494 705 3544 in
723 3493 818 3545 orbem
