2560 3958
380 240 428 288 ou
451 241 512 287 nra
535 240 666 289 nurum
689 240 763 290 oar.
781 243 827 290 vr.
1046 228 1085 292 11

122 399 157 441 eo
181 379 351 442 alimentum
371 381 412 441 ita
434 379 531 440 trahat
551 387 598 450 ut,
630 398 697 441 cnm
719 381 814 442 editus
836 388 895 450 est,
927 399 963 441 ex
983 382 1085 442 matris

121 464 272 526 uberibus.

185 548 322 609 Celerum
345 555 378 608 nt
398 565 495 608 mares
516 549 680 609 leminaeve
700 555 860 610 nascantur
887 550 960 628 quid
979 567 1084 611 causae
1101 562 1118 608 4

121 640 212 702 esset,
233 635 314 693 varie
330 631 366 692 ab
386 630 478 693 isdem
495 631 677 710 philosophis
697 632 847 711 proditum
868 639 922 694 est.
963 651 1031 694 nam
1048 653 1084 694 ex

87 729 103 777 5
121 735 181 798 quo
196 724 319 796 parente
340 717 461 778 seminis
476 715 601 794 amplius
616 717 683 787 fuit,
709 716 771 776 eius
787 734 890 777 sexum
909 735 1083 794 repraesen-

121 803 177 862 tari
198 801 269 860 dixit
283 800 451 862 Alcmaeon.
490 819 525 860 ex
547 800 707 862 seminibus
729 806 826 860 autem
841 800 1054 862 tenuioribusl
1073 835 1083 848 -

121 886 225 954 minas,
242 903 276 945 ex
293 883 479 946 densioribus
494 902 592 945 mares
607 885 671 946 lieri
682 884 801 965 Hippou
817 883 961 944 adfirmat.
987 887 1084 948 utrius
1102 898 1118 948 5

119 987 190 1029 vero
212 969 343 1046 parentis
362 970 540 1047 principium
563 969 664 1030 sedem
685 970 770 1048 prius
791 969 993 1047 occupaverit,
1020 970 1084 1030 eius

119 1053 203 1114 reddi
229 1062 364 1114 naturam
386 1053 570 1114 Democritus
597 1052 722 1114 rettulit:
753 1060 783 1113 at
807 1054 885 1128 iuter
911 1069 943 1114 se
970 1061 1085 1114 certare

68 1149 101 1198 10
118 1138 246 1198 feminae
262 1145 291 1197 et
306 1139 410 1206 maris,
433 1145 462 1197 et
476 1149 578 1219 penes
589 1145 688 1197 utrum
709 1138 833 1198 victoria
848 1139 900 1206 sit,
923 1138 986 1198 eius
1003 1136 1084 1198 habi·

118 1229 180 1282 tum
200 1223 309 1282 referri
329 1230 432 1282 auctor
459 1228 503 1281 est
523 1221 721 1282 Parmenides.
760 1240 796 1282 ex
817 1220 929 1282 dextris
949 1221 1118 1301 partibuso

119 1306 244 1384 proluso
260 1306 373 1366 semine
395 1322 492 1366 mares
507 1307 601 1384 gigni,
626 1314 655 1366 at
671 1324 687 1367 e
701 1305 791 1366 laevis
806 1304 947 1376 seminas,
970 1307 1083 1366 Anaxa·

121 1406 208 1464 goras
224 1389 477 1468 Empedoclesque
493 1391 693 1458 consentiunt3
718 1407 843 1468 quorum
865 1391 1033 1467 opiniones,
1053 1397 1085 1449 ut

119 1473 156 1532 de
181 1473 237 1534 hac
262 1475 360 1550 specie
386 1491 548 1552 congruae,
579 1475 616 1535 ira
643 1473 680 1534 de
706 1473 895 1534 similitudine
920 1471 1083 1535 liberorum

66 1567 100 1617 15
119 1556 283 1636 dispariles.
314 1569 405 1634 super
420 1576 477 1637 qua
493 1576 526 1618 re
541 1557 735 1634 Empedocles
750 1558 895 1636 disputata
912 1559 1025 1618 ratione
1041 1567 1083 1617 ia·

117 1641 156 1707 lia
172 1643 317 1717 profatur.
349 1644 373 1699 si
387 1658 442 1718 par
458 1640 539 1700 calor
553 1643 584 1700 iu
600 1650 755 1718 parentum
771 1641 932 1701 seminibus
947 1642 1015 1709 luit,
1033 1648 1117 1718 past

118 1725 158 1784 tri
178 1723 304 1784 similem
325 1741 437 1784 marem
450 1726 628 1802 ¹procreari;
658 1726 682 1785 si
703 1725 812 1801 frigus,
835 1725 975 1786 feminam
997 1724 1085 1784 matri

119 1805 254 1868 similem.
287 1807 363 1886 quod
386 1809 409 1868 si
430 1809 523 1886 patris
544 1807 664 1868 calidius
686 1809 741 1868 erit
762 1816 792 1868 et
812 1807 949 1885 frigidius
969 1809 1082 1876 matris,

119 1895 253 1971 puerum
263 1891 333 1952 lore·
344 1895 395 1970 qui
410 1893 513 1953 matris
528 1891 625 1952 vultus
639 1898 858 1970 repraesentet:
875 1892 945 1953 atsi
960 1891 1084 1952 calidius

67 1988 101 2036 20
118 1978 235 2048 matris,
266 1978 358 2052 patris
384 1983 482 2038 autem
502 1977 592 2037 luerit
618 1975 768 2053 frigidius,
798 1975 927 2055 puellam
953 1975 1084 2037 futuram

123 2078 198 2138 quae
213 2062 307 2138 patris
322 2060 427 2120 reddat
441 2060 672 2120 similitudinem.
703 2063 891 2138 Anaxagoras
907 2067 1004 2121 aulem
1022 2061 1084 2121 eius
1102 2068 1118 2116 8

119 2145 253 2221 parentis
274 2143 378 2203 laciem
393 2144 508 2204 referre
523 2144 634 2205 liberos
648 2145 800 2212 iudicavit,
822 2147 872 2221 qui
887 2145 1007 2204 seminis
1023 2161 1084 2202 am·

118 2226 195 2305 plius
211 2228 392 2288 contulisset.
428 2235 558 2288 celerum
574 2228 758 2288 Parmenidis
774 2228 917 2287 sententia
934 2234 993 2293 est,
1017 2243 1083 2284 oum

120 2311 259 2374 dexterae
285 2318 384 2389 partes
410 2313 522 2372 semina
543 2311 693 2381 dederint,
724 2319 794 2372 tunc
820 2309 896 2372 lilios
922 2316 993 2372 esse
1008 2310 1084 2388 patri

67 2407 101 2456 25
121 2395 301 2462 consimiles,
321 2413 387 2455 cum
402 2395 515 2466 laevae,
531 2404 602 2456 tuuc
617 2395 714 2456 matri.
834 2455 836 2460 ,

184 2479 323 2557 Sequitur
334 2479 371 2538 de
386 2481 520 2557 geminis,
537 2479 587 2556 qui
602 2485 635 2538 ut
649 2475 806 2556 aliquando
818 2483 978 2540 nascautur
994 2478 1083 2538 modo
1102 2485 1117 2535 9
1168 2531 1170 2535 .

120 2564 241 2624 seminis
261 2563 326 2622 fieri
342 2562 460 2642 Hippon
481 2571 562 2622 ratus
577 2570 636 2624 est:
659 2561 689 2622 id
711 2563 871 2623 enimcum
893 2562 1020 2640 amplius
1040 2570 1085 2623 est

120 2666 208 2725 qumn
236 2649 286 2707 uui
309 2647 467 2716 satisfuit,
499 2645 635 2708 hilariam
656 2645 771 2707 deduci.
819 2646 848 2706 id
869 2649 965 2724 ipsum
988 2647 1083 2707 ferme
1103 2654 1134 2703 10

187 2901 212 2949 4.
240 2913 339 2949 uaarae
362 2913 396 2947 aa
419 2897 523 2949 hrsoem
546 2901 571 2948 D
637 2895 664 2951 ’6.
694 2909 825 2948 aucmeon
847 2897 904 2946 DV
970 2898 993 2945 7.
1017 2896 1084 2960 hyp-

119 2981 174 3032 pon
196 2967 224 3014 V
288 2964 470 3016 mastalicis
521 2965 555 3016 ad
573 2968 598 3014 D
668 2966 708 3017 10.
727 2976 852 3015 ruminae
870 2959 947 3025 nV1,
966 2963 1085 3015 feminas

118 3037 266 3086 m.rec.a'n
288 3033 313 3080 V
344 3069 347 3072 -
380 3032 726 3097 maneaerpaenesDV
792 3033 831 3082 11.
853 3027 897 3096 ex]
920 3045 952 3080 er
970 3030 1025 3079 DV

121 3105 161 3152 13.
181 3095 407 3166 en'pedoccesque
427 3101 480 3149 DV
548 3101 589 3153 15.
607 3099 753 3166 dispariles
771 3103 835 3148 sunt
852 3099 949 3148 Ichana
1002 3112 1085 3162 eupe-

119 3167 223 3218 docces
247 3167 301 3216 DV
367 3165 438 3216 talia
455 3167 581 3231 profatur
605 3169 793 3229 Lachmannuc,
817 3180 896 3218 uanas
919 3180 1086 3230 pnorenrua

120 3234 178 3284 DV
243 3237 283 3286 17.
307 3236 508 3298 proposuca-J)
578 3235 665 3298 frigus
685 3235 790 3296 Carrio,
822 3231 945 3299 rotondus
963 3233 1022 3282 DV

122 3304 229 3353 18-20.
249 3300 361 3354 cacabus
381 3327 413 3336 -
432 3300 536 3367 arctous
556 3300 685 3366 (frigidus
707 3301 743 3364 V)
762 3325 798 3340 --
815 3300 929 3352 cacrous
947 3327 980 3336 -
999 3313 1087 3365 anaqa-

121 3369 172 3420 bns
184 3370 245 3430 DV,
263 3385 332 3420 corr.
345 3369 442 3419 Ialmua
512 3371 552 3421 19.
564 3383 670 3419 unurus
682 3369 716 3434 D,
735 3369 841 3418 uultum
854 3369 901 3418 dV
968 3369 1009 3417 23.
1023 3379 1085 3416 seu·

122 3438 212 3486 centia
229 3438 286 3500 dV,
313 3449 410 3486 senata
428 3437 453 3485 D
522 3437 563 3486 24.
588 3437 693 3486 semina
716 3452 762 3487 om.
785 3437 813 3484 V
877 3437 918 3485 26.
942 3445 1087 3492 nascamur

122 3504 154 3566 J),
168 3507 267 3555 com-‚d
322 3503 486 3568 27.hyppon
503 3503 528 3554 V
580 3504 800 3556 eatodd.0arrio
857 3499 1085 3564 28.diduoioulpo
