2560 3958
198 203 242 268 ol
471 217 676 266 renonnnrr
700 216 775 266 oar.
793 219 825 264 x.
843 218 889 266 xi.

200 365 325 437 postque
347 358 403 418 hos
425 356 540 434 poetica
562 355 652 418 valuit
673 321 763 418 veluti
781 355 912 434 legitima
933 355 1060 436 [musica
1076 354 1171 418 licen·

199 441 272 522 tior]
289 442 442 521 magisque
456 439 614 502 modulata.
809 465 810 471 ¹

45 651 46 656 ’
150 642 188 701 10
479 643 529 693 DE
549 641 692 693 NOMINE
710 641 888 692 RHYTHMI.

249 777 431 858 llhythmus
454 779 586 840 creditur
613 777 709 837 dictus
735 795 750 837 a
772 777 950 855 Rythmonio
972 777 1084 856 Orphei
1111 777 1172 838 filio

203 872 231 925 el
256 862 414 923 idomenae
442 863 588 941 nymphae
615 862 788 928 lsmaricae,
825 869 858 920 ut
884 861 975 922 tradit
1000 861 1208 948 Nicocrateso

201 946 278 1008 lihro
292 965 384 1024 quem
400 948 556 1024 conposuit
571 945 607 1006 de
624 943 750 1006 1Μιιείο.
782 943 896 1007 'strare
908 945 1068 1025 Rythmoui
1083 947 1174 1007 tradit

201 1031 344 1112 Hymeue,
361 1031 522 1091 Varritonis
538 1037 635 1090 autem
652 1037 682 1090 et
696 1029 841 1092 Coloridis
857 1030 980 1091 Tirisiae
995 1029 1073 1090 tiliae
1088 1031 1174 1092 Peri-

202 1115 368 1176 clemennm
381 1120 411 1174 et
421 1113 607 1175 Paridemem
615 1112 640 1184 1,
657 1117 708 1194 qui
723 1115 836 1193 primus
852 1116 995 1176 cecinerit
1009 1131 1058 1176 res
1073 1123 1173 1194 gestas

202 1201 327 1260 heroum
342 1199 463 1261 musicis
477 1198 621 1262 cantibus.
861 1185 868 1208 ³

152 1397 183 1456 ll
578 1401 628 1450 DE
647 1399 792 1452 Muswn.
1156 1455 1163 1458 ᾗ
1194 1407 1225 1454 tu

267 1534 379 1598 Musica
405 1543 451 1598 eat
475 1536 578 1614 peritia
603 1535 809 1598 faciendorum
830 1543 860 1596 et
881 1535 1082 1597 canendorum
1109 1555 1174 1598 mo·

204 1619 339 1698 dorum„
367 1621 430 1681 eius
460 1628 559 1702 partes
587 1622 776 1691 harmonica,
807 1622 960 1699 organica,
998 1619 1173 1700 rhythmica,

204 1707 390 1766 crusmatica.
426 1713 574 1766 crusmata
591 1704 692 1782 pulsus
708 1706 809 1766 decori
830 1707 894 1766 sine
916 1706 1046 1766 carmine
1067 1723 1174 1768 vocan-

204 1798 267 1858 tur;
296 1790 449 1851 harmonia
475 1791 522 1851 'est
547 1791 754 1858 consonarum
788 1792 927 1868 organica
951 1789 1174 1870 *arhyhrmos
1274 1819 1275 1834 1

171 1888 187 1935 a
205 1875 336 1944 Graece,
359 1875 463 1934 modus
478 1874 587 1934 dicitur
602 1875 704 1934 Latine
719 1897 734 1934 a
750 1896 766 1934 a
782 1875 951 1934 nominatus
966 1893 1069 1936 versus
1084 1874 1120 1934 ab
1136 1893 1173 1936 eo
1194 1886 1227 1935 15

205 1959 283 2035 qnod
305 1957 378 2019 fluat
401 1975 492 2034 seque
512 1959 576 2037 ipse
597 1955 770 2018 circumeat.
818 1957 924 2038 modus
943 1967 1041 2020 autem
1061 1965 1105 2020 est
1124 1957 1175 2021 lex

205 2042 349 2120 quaedam
377 2049 406 2102 et
431 2042 506 2102 ordo
528 2040 672 2104 vocalium
697 2039 923 2106 intervallorum
950 2053 980 2104 et
1000 2044 1173 2114 differentia,

206 2124 265 2196 vel,
282 2133 315 2186 ut
328 2126 520 2187 Aristoxenus
535 2127 612 2196 finit,
634 2144 695 2188 non
709 2136 870 2206 utcumque
885 2129 1072 2206 conpositum
1089 2146 1175 2190 roca·
1274 2129 1275 2132 ’

160 2225 187 2273 ,3
205 2209 277 2271 lium
299 2220 466 2290 temporum
488 2209 684 2274 intervallum.
719 2230 840 2274 carmen
862 2220 906 2274 est
925 2213 1032 2274 modus
1051 2212 1175 2274 vocihns

205 2297 336 2365 iunctus,
354 2297 436 2356 cuius
452 2295 621 2357 discrimina
638 2304 754 2368 cantus,
771 2297 892 2366 modus,
908 2306 1015 2359 motus.
1052 2306 1174 2358 *elem-
1193 2309 1228 2358 au

205 2397 262 2460 pus
290 2390 333 2440 est
358 2377 486 2458 syllabae
506 2381 647 2458 spatium,
677 2381 765 2442 huius
791 2380 969 2442 elementum
998 2381 1096 2444 brevis
1116 2380 1175 2463 syl-

275 2551 298 2602 1.
325 2563 422 2614 posco,
445 2549 484 2612 D,
512 2553 658 2615 postquam
684 2550 711 2598 V
777 2553 802 2601 3.
826 2550 936 2602 archon
958 2551 994 2610 D,
1024 2553 1098 2602 ritmi
1123 2550 1174 2613 V1,

204 2615 298 2666 rithmi
325 2618 351 2666 V
370 2634 401 2666 m.
424 2632 478 2666 reo.
547 2619 573 2668 4.
597 2617 731 2670 arrhmus
754 2617 810 2666 nV
876 2618 1029 2670 arrhruonro
1053 2619 1110 2669 DV

205 2685 230 2733 ὅ.
249 2680 399 2743 torrentem!
408 2699 441 2734 ae
455 2696 573 2733 nrmrae
587 2697 692 2734 mamoe
704 2685 737 2742 D,
756 2684 901 2736 idnomeae
913 2686 1006 2752 nymle
1022 2687 1127 2752 marica
1143 2687 1176 2744 V,

204 2764 275 2802 corr.
293 2750 449 2808 Loheelrins,
471 2750 615 2802 Idmoniae
637 2754 703 2803 coni.
726 2752 867 2803 Urlicheiue
935 2767 1094 2804 nicoenaris
1111 2754 1175 2816 DV,

204 2817 381 2868 Nicostratus
393 2816 488 2868 8111111
499 2817 594 2869 Philet.
607 2817 634 2866 X
641 2835 671 2882 p.
685 2821 734 2868 170
803 2821 888 2872 6-8.
907 2821 1061 2886 composuit
1072 2821 1105 2872 de
1118 2835 1176 2870 mu·
1274 2873 1275 2876 ,

205 2886 274 2936 eice.
298 2887 413 2936 fratrem
424 2885 604 2950 Rhythmonii
615 2885 703 2936 tradit
713 2888 917 2950 Hymenaeum,
935 2889 1115 2954 Rhythmonii
1126 2903 1176 2938 eu-

206 2959 262 3004 tem
276 2959 304 3002 et
316 2953 464 3016 Chloridis,
482 2954 610 3005 Tiresiae
624 2953 708 3018 filiae,
727 2953 949 3017 Periclymenum
962 2963 991 3008 et
1002 2957 1177 3008 Perimedem

205 3020 304 3070 Ichnae
372 3023 397 3072 6.
425 3021 529 3072 musico
556 3022 584 3071 V
647 3021 778 3072 rithmoui
804 3023 829 3072 V
896 3026 921 3074 7.
951 3024 1061 3074 himene
1083 3024 1174 3074 uerri·

206 3086 292 3136 Tonis
315 3088 343 3136 V
407 3088 494 3154 tirisie
516 3090 544 3137 V
609 3091 633 3141 8.
652 3103 874 3142 ceoiuonrrrnes
894 3092 918 3141 D
988 3095 1029 3142 10.
1047 3093 1120 3144 Irarr
1138 3107 1174 3140 11

206 3167 308 3204 uesica
329 3155 358 3202 V
423 3157 462 3205 12.
482 3157 626 3207 armonica
648 3157 676 3206 V
740 3157 885 3208 nrrhmrca
903 3160 941 3223 D,
960 3159 1091 3210 rithmica
1113 3159 1137 3207 V

208 3223 249 3275 13.
267 3220 371 3272 herone
389 3222 422 3282 D,
441 3225 541 3274 cermel
610 3225 651 3276 14.
670 3237 814 3277 armonica
832 3226 888 3276 DV
954 3241 1175 3293 0191111111-

207 3301 265 3340 mos
284 3290 321 3352 D,
346 3290 444 3354 organi
461 3291 592 3342 oaritmos
614 3293 642 3342 V
645 3291 663 3358 ¹,
682 3295 816 3359 organica
834 3294 948 3344 rithmos
964 3296 989 3345 V
1005 3312 1035 3349 m.
1053 3311 1107 3346 rec.

207 3361 248 3410 15.
272 3365 361 3409 motus
379 3357 481 3408 dicitur
497 3359 613 3420 Latine,
643 3363 801 3412 nominatur
817 3378 883 3413 vero
902 3363 936 3412 ab
957 3378 989 3413 eo
1011 3371 1060 3413 aet.
1078 3363 1177 3412 lahmrs

204 3428 301 3490 partim
317 3428 452 3478 secundnm
468 3426 655 3477 herimannum
723 3444 839 3480 carinae
858 3430 883 3478 D
951 3431 992 3480 21.
1009 3437 1071 3495 poet
1089 3432 1177 3480 estin

211 3494 239 3542 V
252 3501 403 3559 repetuntur
421 3510 456 3546 em
473 3498 600 3548 111911.
620 3495 714 3546 modus
731 3497 847 3548 vocibus
860 3523 892 3534 -
904 3500 1013 3562 tempus
1033 3504 1075 3550 est
