2560 3958
181 161 223 225 56
313 241 318 248 ι
485 173 692 222 uuaauuuur
716 174 791 222 cau.
808 173 842 220 11.
906 227 909 244 ⁴

183 315 348 394 progignit,
371 320 401 374 et
415 312 610 390 temperantia
624 313 754 382 fovetur,
775 313 1001 389 intemperantia
1017 310 1151 372 laeditur.

182 401 308 460 invicem
323 414 415 476 porro
435 396 580 458 elementa
597 395 758 457 succedere
782 405 811 456 et
830 397 952 457 interitu
967 395 1152 474 singulorum

182 484 319 544 universa
335 483 398 542 heri
414 482 593 561 sempiterna
608 479 795 542 manifestum
811 489 865 542 est.

149 680 168 738 2
468 681 518 732 DE
538 680 647 732 CAELI
664 681 870 733 POSITIONE.

250 817 369 880 Caelum
396 816 515 878 circulis
540 818 671 896 quinque
697 816 896 892 distinguitur.
942 833 1067 897 quorum
1095 817 1190 877 duot
1268 827 1269 830 ’

186 905 310 964 extremi
326 904 452 964 maxime
468 901 577 979 frigidi,
594 898 731 962 australis
746 899 929 962 humillimus
946 908 974 962 et
990 899 1155 980 aquilonius

186 986 412 1048 excelsissimus.
456 985 502 1045 his
521 986 670 1064 utrimque
692 987 819 1064 proximi
844 986 903 1046 duo
925 984 1082 1064 paralleloe
1105 1003 1155 1044 ro·

186 1078 300 1140 cantur,
316 1078 349 1130 ut
363 1072 403 1131 ita
419 1069 558 1138 dixerim,
574 1087 668 1147 aeque
684 1070 833 1139 distantes,
850 1070 928 1130 idem
943 1070 1059 1148 tropici,
1075 1070 1155 1130 idem

187 1153 379 1224 solistitiales;
414 1153 488 1215 alter
508 1153 667 1222 hiberum,
695 1171 749 1232 per
772 1171 859 1232 quem
881 1151 925 1214 sol
951 1156 1156 1215 transmittens
1268 1225 1269 1240 χ

187 1246 287 1300 octava
309 1246 394 1316 parte
415 1239 583 1318 capricorni
605 1235 771 1300 solistitium
792 1237 950 1300 hibernum
971 1238 1056 1307 lacit;
1081 1237 1156 1299 alter
1175 1249 1210 1296 10
1268 1259 1269 1266 ¹

187 1325 330 1394 aestimo,
362 1341 415 1401 per
442 1341 530 1404 quem
557 1321 600 1384 sol
627 1329 728 1382 octava
748 1330 832 1400 parte
861 1324 961 1384 cancri
986 1321 1157 1384 solistitium

153 1419 169 1465 2
189 1409 329 1470 aestivum
345 1407 423 1467 lacit.
451 1406 565 1467 medius
581 1414 626 1466 cst
641 1404 870 1485 aequinoctialis,
888 1407 939 1487 qui
955 1414 1055 1468 octava
1071 1415 1157 1485 parte

187 1493 289 1552 arietis
315 1493 533 1572 aequinoctium
559 1507 699 1558 vernum,
716 1558 718 1563 s
737 1497 839 1552 octava
865 1489 959 1552 librae
984 1489 1157 1552 autumnale

188 1577 348 1638 constituit.
1268 1625 1269 1648 ,

253 1661 290 1721 Ut
309 1659 412 1722 circuli
432 1657 577 1728 incaelo,
599 1660 640 1720 ita
655 1660 684 1718 iu
701 1665 796 1720 terra:
821 1676 913 1719 zonae
928 1669 1079 1720 vocantur.
1111 1660 1155 1720 in·
1176 1669 1211 1716 15

187 1744 355 1809 habitabilis
371 1743 448 1804 inira
464 1743 588 1822 lrigidus
605 1742 733 1804 circulus
749 1743 787 1803 oh
804 1747 934 1822 rigorem
953 1766 968 1805 a
986 1766 1001 1805 a
1023 1743 1101 1822 quod
1118 1743 1156 1804 ab

187 1830 234 1890 his
249 1829 420 1906 longissimo
435 1826 479 1888 sol
494 1826 591 1898 abest,
613 1829 682 1887 item
698 1829 775 1887 intra
793 1826 907 1888 calidus
923 1827 1155 1906 aequinoctialis,

154 1923 170 1970 3
188 1914 268 1994 quod
288 1911 344 1972 sub
364 1913 473 1972 vertice
494 1908 565 1972 solis
585 1921 638 1970 est.
676 1909 730 1970 suh
747 1929 805 1990 quo
821 1911 941 1990 quidam
962 1911 1097 1975 habitare
1113 1913 1157 1972 di-

189 2004 259 2056 cunt
274 2019 289 2056 r
307 1994 489 2076 'foydropiae
511 2001 541 2055 et
561 1993 732 2074 Aethiopiae
753 1997 909 2057 maximam
930 2004 1062 2075 partem,
1083 1998 1157 2057 item
1268 2067 1269 2078 χ

171 2080 331 2160 ‚plurimas
357 2079 468 2141 insulas
493 2080 583 2141 maris
604 2079 690 2140 rubri
716 2079 849 2158 aliosque
870 2082 997 2142 vertices
1025 2082 1156 2142 eminen-
1175 2089 1212 2142 20
1268 2087 1269 2120 l

190 2167 303 2246 tiasque
317 2171 467 2226 terrarum
483 2165 592 2226 nostris
608 2162 775 2243 ampliores.
812 2165 869 2226 suh
883 2165 1006 2246 tropicis
1021 2161 1157 2228 habitare

189 2249 263 2310 nihil
279 2248 402 2312 dubium
418 2255 470 2310 est.
505 2255 608 2311 noster
623 2248 793 2310 solistitialis
809 2249 936 2310 aestivus
957 2256 1001 2310 est
1023 2249 1158 2313 excelsus

154 2343 173 2390 4
192 2333 288 2414 adque
303 2334 432 2395 arduus.
460 2333 542 2394 dirisi
558 2350 574 2392 a
590 2331 676 2394 nohis
692 2332 803 2394 circulo
819 2332 1027 2412 aequinoctiali
1042 2334 1158 2394 autich-

190 2419 297 2479 thones
313 2419 513 2478 nominantur.
536 2416 673 2478 videntur
684 2415 810 2479 humiles
826 2417 921 2498 adque
935 2419 1067 2498 depressi
1079 2415 1158 2502 [qui-

189 2576 394 2593 -υιιιιιμι-ι--ι-μ-

258 2671 283 2717 2.
312 2667 460 2718 suceadeae
482 2669 507 2716 D
576 2669 601 2718 l.
627 2683 810 2732 portentosae
835 2670 873 2733 Ι),
903 2669 1038 2735 parallelo
1065 2673 1091 2720 V

190 2739 215 2787 9.
243 2734 408 2786 solstitiales
434 2737 463 2785 V
543 2747 757 2786 raausmmreus
787 2750 919 2788 ocuauam
947 2749 1064 2803 pannem
1094 2738 1157 2801 DV,

189 2803 329 2854 transiens
352 2808 381 2853 et
403 2807 502 2866 teneus
530 2806 658 2854 octavam
679 2807 789 2868 partem
811 2803 909 2858 tainus
930 2821 966 2856 ex
988 2805 1067 2857 schol.
1093 2806 1157 2856 oer-

190 2870 282 2920 moniea'
350 2869 451 2925 1o.11.
475 2867 623 2922 solstitium
646 2871 672 2921 V
739 2873 780 2922 15.
803 2873 833 2922 in
851 2887 897 2922 om.
917 2873 975 2922 DV
1039 2873 1081 2927 16.
1097 2879 1160 2937 post

189 2939 310 3002 rigorem
332 2939 400 2990 adde
420 2939 487 2990 item
509 2953 593 3004 supra
619 2941 660 2989 vet
680 2938 747 2988 item
768 2939 793 2990 is
817 2940 864 3004 qui
885 2954 969 3004 supra
992 2943 1035 2990 est
1104 2954 1159 3006 quo

192 3003 227 3054 ab
250 3007 275 3054 V
342 3007 383 3056 17.
406 3018 475 3056 trem
497 3020 526 3056 tu
545 3005 641 3057 sehtos
666 3020 897 3070 aequiuocutaues
914 3007 971 3057 DV
990 3005 1049 3071 (sed
1070 3016 1158 3058 extre·

189 3087 253 3122 mam
267 3086 280 3122 s
292 3073 319 3121 a'o
330 3073 356 3122 D
367 3073 429 3122 odd·
441 3072 522 3139 Μ),
542 3073 608 3124 item
620 3073 727 3125 medius
746 3075 959 3141 aequinoctialis
977 3077 1034 3128 cod.
1047 3075 1162 3126 Monntia'

192 3175 232 3224 18.
249 3169 357 3238 dieunt]
376 3177 478 3236 putant
494 3174 520 3224 V
587 3173 628 3226 19.
646 3159 796 3240 oydrop²ae
808 3177 828 3226 d
837 3177 864 3226 a'ra
874 3190 939 3239 raa,
958 3175 1108 3240 oydropiee
1125 3177 1159 3235 V,

192 3239 343 3291 Gedrosiae
363 3239 504 3291 Urliohatae
572 3241 716 3306 cuhtopase
734 3243 791 3292 BV
857 3245 899 3296 22.
916 3242 1078 3294 solstitialis
1099 3245 1126 3293 V
1268 3287 1269 3292 ,

192 3309 234 3360 28.
253 3312 336 3372 etque
352 3307 379 3357 V
445 3306 653 3373 antichthoues]
671 3323 803 3361 santones
821 3311 879 3360 DV
894 3309 1104 3372 (correaaitoetus
1116 3313 1159 3360 itte

190 3379 367 3441 prammauao
379 3375 563 3442 quiglosaemm
583 3379 651 3441 quod
661 3393 727 3428 nano
743 3377 815 3441 infra
826 3381 919 3443 tepitur
933 3386 995 3444 post
1011 3381 1159 3442 terrarum,

190 3441 352 3510 adscripsit),
371 3443 524 3494 antistones
540 3459 571 3494 m.
590 3459 643 3516 rec.
661 3448 689 3494 tn
710 3445 734 3495 V
751 3447 777 3495 in
794 3461 875 3510 marg.
945 3447 987 3498 24.
1006 3449 1090 3510 atque
1113 3445 1142 3494 V
