2560 3958
186 169 206 234 8
251 237 254 244 ,
444 179 492 226 nn
514 178 576 224 nm
598 176 729 226 naraon
751 174 825 222 ose.
842 173 887 222 iv.

186 321 242 382 bus
257 317 403 380 simillima
419 317 571 388 animalia,
586 317 616 377 in
631 316 678 378 bis
692 315 828 376 homines
844 305 1042 380 concrevisse,
1059 313 1151 372 fetus·

187 423 244 483 que
265 404 300 466 ad
317 402 504 482 pubertatem
524 403 603 462 intus
616 408 749 462 retentos
763 408 834 460 tunc
850 398 967 461 demum
983 397 1079 476 ruptis
1094 395 1154 458 illis

187 490 265 550 viros
286 487 483 566 mulieresque
508 488 559 567 qui
586 488 644 547 iam
665 503 697 546 se
718 484 797 546 alere
817 492 939 562 possent
958 482 1150 560 processisse.

188 572 382 652 Empedocles
403 580 501 633 autem
523 571 643 648 egregio
664 589 718 631 suo
740 570 883 639 carmine,
907 568 986 647 quod
1007 566 1156 629 eiusmodi

189 675 253 720 esse
278 657 430 736 praedicat
454 657 623 724 Lucretius,
654 662 691 714 ut
716 655 773 714 vix
798 654 952 714 humana
978 652 1152 712 videatur
1174 662 1193 710 5

155 753 171 802 8
189 743 310 820 stirpe
332 749 494 808 creatus,
516 738 574 800 tale
596 738 732 818 quiddam
755 738 917 799 confirmat.
947 739 1044 814 primo
1058 754 1153 798 mem·

188 825 242 886 bra
259 825 374 904 singula
390 843 424 886 er
441 831 519 884 terra
536 824 621 902 quasi
635 830 795 901 praegnate
809 824 919 901 passim
937 821 1029 891 edita,
1047 819 1154 882 deinde

190 911 285 972 coisse
307 918 335 970 et
357 909 489 970 effecisse
513 906 600 968 solidi
619 907 747 968 hominis
769 907 922 967 materiam
944 906 1004 983 igni
1019 903 1106 967 simul
1127 911 1156 965 et

188 995 288 1055 umori
301 993 489 1071 permixtam.
517 997 615 1051 cetera
631 991 700 1069 quid
715 1007 839 1052 necesse
856 997 900 1050 est
915 991 1062 1068 persequi,
1080 1006 1155 1068 quae

189 1095 249 1138 non
271 1077 388 1154 capiant
408 1073 629 1135 similitudinem
650 1075 798 1136 veritatis?
832 1075 906 1134 haec
930 1072 1033 1134 eadem
1055 1074 1155 1152 opinio
1177 1085 1210 1132 10

190 1163 277 1238 etiam
298 1161 329 1219 in
344 1159 520 1220 Parmenide
535 1158 645 1219 Veliatc
666 1159 721 1220 luit
735 1158 869 1237 pauculis
887 1158 1018 1235 exceptis
1034 1157 1070 1216 ab
1086 1157 1156 1217 Em-

156 1233 312 1320 spilloda
347 1242 496 1303 dissensis.
541 1242 708 1303 Democrito
735 1260 805 1302 vero
831 1241 988 1303 Abderitae
1019 1259 1055 1302 ex
1082 1258 1157 1319 aqua

189 1326 319 1404 limoque
344 1327 474 1404 primum
500 1327 594 1386 visum
619 1345 683 1387 esse
710 1326 845 1387 homines
871 1332 1053 1405 procreatos.
1100 1343 1157 1386 nec

189 1410 278 1488 longe
310 1427 396 1472 secus
427 1410 589 1487 Epicurus:
628 1412 652 1470 is
681 1412 758 1472 enim
786 1410 912 1472 credidit
935 1410 1006 1470 limo
1033 1410 1157 1471 calfacto

192 1501 292 1555 uteros
313 1495 414 1555 nescio
435 1510 510 1571 quos
531 1493 684 1556 radicibus
699 1502 796 1555 terrae
819 1495 1012 1555 cohaerentes
1028 1495 1157 1572 primum
1178 1505 1212 1553 15

190 1579 353 1640 increvisse
368 1585 398 1639 et
412 1577 573 1640 infantibus
589 1595 625 1638 ex
640 1595 673 1638 se
696 1578 781 1639 editis
796 1580 960 1655 ingenitum
974 1577 1158 1638 lactisumo·

192 1681 257 1724 rem
278 1670 384 1724 natura
405 1662 589 1722 ministrante
611 1661 798 1740 praebuisse,
824 1665 952 1742 quesita
974 1662 1113 1722 educatos
1129 1670 1160 1721 et

144 1763 177 1814 ro
194 1745 311 1807 adultos
327 1764 420 1824 genus
435 1745 589 1806 bominum
612 1763 803 1826 propagasse.
833 1746 933 1806 Zenon
950 1746 1072 1816 Citieus
1089 1746 1159 1804 stoi-

191 1848 243 1890 cae
265 1837 363 1891 sectae
385 1827 535 1898 conditor,
561 1829 741 1906 principium
763 1829 893 1890 humano
908 1832 1011 1908 generi
1032 1849 1067 1890 ex
1082 1847 1159 1890 novo

191 1912 302 1973 mundo
324 1913 515 1973 constitutum
535 1913 661 1989 putavit,
689 1914 860 1991 primosque
881 1914 1017 1975 homines
1038 1932 1074 1974 ex
1094 1913 1159 1974 solo
1178 1927 1213 1976 20

191 1994 372 2056 adminiculo
395 1994 485 2055 divini
505 1995 596 2074 ignis,
625 1996 656 2056 id
676 2002 720 2058 est
741 1997 789 2058 dei
807 1999 1007 2076 providentia,
1035 1999 1160 2077 genitos.

141 2090 172 2138 11
192 2079 318 2159 denique
334 2081 419 2141 etiam
437 2078 524 2157 vulgo
540 2080 684 2141 creditum
702 2088 760 2151 est,
781 2088 813 2142 ut
827 2082 964 2161 plerique
980 2081 1161 2160 genealogoe

192 2173 327 2227 auctores
349 2172 432 2235 sunt,
461 2164 646 2243 quarundam
668 2167 816 2244 gentium,
844 2185 918 2245 quae
940 2185 975 2227 ex
996 2167 1159 2228 adventicia

192 2249 284 2327 stirpe
298 2267 360 2310 non
376 2250 449 2319 sint,
474 2250 624 2326 principes
639 2251 805 2328 terrigenas
820 2267 898 2320 esse,
922 2257 954 2312 ut
973 2252 1004 2310 in
1020 2251 1115 2311 Attica
1131 2256 1160 2312 et

191 2333 317 2394 Arcadia
343 2330 569 2412 Thessaliaque,
601 2350 710 2411 eosque
740 2333 956 2396 autochthones
981 2338 1156 2396 vocitarunt.
1177 2346 1212 2396 25

191 2418 221 2476 in
243 2416 325 2478 ltalia
353 2415 462 2496 [poeta
483 2414 611 2497 cecinit]
632 2417 782 2497 Nymphas
808 2418 1021 2498 indigenasque
1041 2419 1158 2479 Faunos
1256 2455 1257 2476 t

191 2517 314 2560 nemora
331 2501 475 2578 quaedam
492 2503 623 2562 tenuisse
645 2519 705 2562 non
728 2502 845 2564 dilficile
866 2503 948 2564 rudis
970 2504 1158 2581 antiquorum

190 2643 257 2650 --..
265 2645 345 2650 ...-..-
353 2645 393 2651 .-.-

260 2718 283 2766 1.
295 2716 508 2780 factusqueaV
567 2717 832 2781 2.pnuennarem1)
901 2723 924 2771 3.
937 2735 1001 2772 uino
1014 2721 1046 2780 D,
1060 2721 1160 2770 coratd

192 2787 216 2838 ὃ.
237 2783 378 2840 decretl
395 2787 450 2835 733
519 2787 543 2836 7.
561 2797 707 2850 pnequane
725 2788 758 2848 1),
776 2791 930 2851 pregnante
953 2790 981 2838 V
1046 2790 1086 2839 11.
1105 2787 1158 2839 Ve-

181 2903 260 2954 *liate
282 2905 443 2969 Rutgersiue,
473 2851 679 2965 u„„',{?‡³,“²1'2‚
711 2902 757 2954 uel
779 2904 809 2954 in
832 2909 918 2954 sterte
940 2907 975 2964 V,
1006 2903 1159 2955 Veliensis*

190 2970 321 3032 latam,
357 2969 514 3035 eupebocne
532 2975 591 3023 DV
656 2974 696 3022 12.
714 2971 878 3022 dissensisse
897 2974 949 3023 dV
1016 2973 1057 3021 14.
1078 2973 1160 3036 nonni

192 3034 366 3099 (ituream
420 3037 560 3099 calefacto
579 3040 628 3090 dV
693 3041 733 3089 16.
746 3051 881 3106 incentum
894 3039 951 3089 DV
998 3039 1163 3089 utnoneDV

191 3106 232 3156 18.
255 3103 363 3154 Citieus
384 3104 494 3167 Jahnaa,
518 3119 571 3157 rtet
589 3121 647 3158 etus
666 3108 704 3167 D,
722 3107 863 3158 ticieteius
881 3109 906 3171 d,
926 3106 1053 3158 tieteines
1073 3106 1159 3167 (eraso

191 3169 215 3234 s)
238 3171 263 3220 V
269 3188 276 3233 3
299 3169 458 3222 scribendum
474 3173 575 3224 videtur
593 3175 712 3228 Citieius
781 3177 822 3227 19.
846 3189 954 3226 nououo
972 3175 996 3224 D
1064 3176 1106 3225 20.
1127 3189 1160 3222 ex
1256 3185 1257 3188 ’

190 3238 249 3289 solo
268 3238 326 3301 dV,
347 3253 433 3288 exoso
450 3240 476 3288 D
545 3244 586 3296 21.
605 3238 662 3308 dei]
683 3242 712 3292 di
734 3243 761 3293 V
826 3245 867 3292 22.
887 3241 1056 3309 genealogoe
1074 3241 1159 3292 Lach-

189 3321 303 3371 mannne,
316 3320 504 3372 geneanoqtae
517 3310 572 3360 DV
639 3310 681 3360 24.
695 3311 843 3376 terriginae
859 3309 886 3360 V
951 3311 993 3360 25.
1006 3307 1160 3360 aunoorho·

190 3387 243 3424 aas
255 3376 294 3439 D,
314 3373 415 3426 authoo
426 3377 508 3426 tonas
524 3377 551 3425 V
616 3378 776 3428 vocitarunt
787 3377 971 3437 buchananum,
985 3389 1159 3428 uocarentur

189 3441 245 3491 DV
311 3443 352 3493 26.
371 3441 502 3506 saraphas
519 3443 545 3493 D
