2560 3958
196 212 263 260 VIII
578 209 788 260 PRAEFATIO.

196 349 305 414 forma
325 346 498 427 καναφόρα
525 345 632 422 adhuc
658 367 723 410 non
745 347 876 432 cognita
897 347 961 412 nisi
987 369 1030 412 ex
1051 347 1167 436 Hesy—

197 457 284 524 chio.
313 455 415 522 Aliud
430 455 593 522 Graecum
615 455 813 523 vocabulum
834 457 978 522 nondum
1000 467 1165 544 receptum

197 568 232 633 in
258 577 375 634 nostra
406 565 513 632 lexica
538 565 619 632 latet
648 567 683 631 in
700 565 822 652 'glossa
849 589 933 654 quae
960 568 1058 654 paulo
1092 575 1168 632 ante

201 683 251 766 (p.
273 677 327 760 57,
348 677 389 763 2)
418 676 561 764 primum
582 677 722 762 margini
744 676 912 764 adscripta
932 678 1012 761 fuit,
1040 686 1110 742 tum
1131 679 1168 742 in
1191 661 1192 666 ἵ

200 798 390 856 contextum
405 787 581 853 verborum
597 785 703 852 illata.
737 787 805 854 Ubi
820 787 964 855 dubitari
979 809 1045 853 non
1059 798 1170 874 potest

198 902 277 987 quin
307 907 396 964 recte
430 901 624 962 antntoecaoe
656 898 826 986 scripserit
858 897 982 964 Iahnus
1014 897 1167 964 Isaacum

188 1010 355 1075 ¹Vossium
383 1018 533 1090 secutus;
569 1008 657 1094 quod
684 1017 793 1074 autem
819 1009 854 1072 in
881 1009 992 1075 codice
1020 1008 1169 1094 sequitur

188 1123 365 1198 'uatiscepa
386 1117 422 1183 id
436 1140 497 1183 nec
512 1119 635 1196 antoecr',
657 1126 694 1183 ut
709 1118 814 1184 suasit
829 1117 957 1201 Carrio,
979 1141 1040 1184 nec
1054 1118 1168 1184 Lach-

199 1229 411 1294 mannianum
441 1234 581 1294 antissioe
608 1228 713 1294 fuisse
739 1227 887 1311 videtur,
916 1228 975 1293 sed
995 1228 1032 1293 id
1058 1230 1168 1314 ipsum

200 1339 287 1426 quod
308 1338 494 1404 Nunnesius
522 1319 756 1424 interpretatus
778 1348 829 1403 est
851 1344 903 1418 qui
923 1345 1023 1404 aversi
1042 1350 1168 1403 contra-

199 1456 261 1512 rios
284 1455 370 1530 polos
395 1457 544 1542 ερεεῐεηίς
572 1458 607 1513 at
634 1469 713 1513 vero
740 1446 803 1514 hoc
824 1471 891 1514 non
918 1459 968 1516 est
990 1448 1168 1516 barbarum

200 1564 385 1639 natiscepue,
408 1569 446 1624 ut
466 1558 522 1623 ille
544 1555 666 1639 voluit,
694 1557 754 1622 sed
775 1564 943 1638 antiscopoe
965 1559 1035 1624 sive
1058 1557 1168 1623 Grae-

199 1693 274 1738 cum
296 1670 491 1738 ἀντῐεκοποι.
534 1669 686 1755 Denique
714 1668 814 1734 etiam
836 1668 926 1756 apud
947 1670 1056 1755 ipsum
1078 1667 1168 1732 Cen-
1269 1743 1270 1756 2

200 1782 346 1848 sorinum
360 1779 527 1846 insolitam
541 1777 681 1842 formam
696 1776 858 1842 Graecam
868 1777 1169 1874 Halmiohmonente
1267 1772 1270 1788 '

200 1913 218 1956 e
240 1890 353 1956 codice
374 1886 522 1968 restitui,
550 1891 734 1950 enneueteris
755 1908 786 1971 p.
808 1887 864 1966 37,
887 1887 943 1968 12,
974 1887 1027 1950 cui
1049 1886 1171 1976 similia
1265 1892 1269 1941 f

200 2009 276 2066 sunt
303 1997 467 2066 ἐννεαετία
494 2006 527 2060 et
553 1995 736 2076 ἐννεαετήε,
764 1995 805 2060 de
832 1996 952 2082 quibus
979 1995 1056 2061 vide
1078 1994 1167 2060 Din-

201 2108 322 2178 dorfios
344 2107 380 2174 in
401 2105 561 2193 Stephani
583 2106 747 2172 thesauro.
847 2177 852 2180 ,
1269 2189 1270 2194 ¹

284 2219 422 2284 Monent
449 2239 502 2281 me
522 2215 604 2282 haec
626 2217 755 2282 Graeca
776 2225 813 2282 ut
834 2216 949 2303 paucis
977 2217 1169 2301 significem,
1269 2205 1270 2210 ¹

202 2349 300 2415 quam
322 2347 471 2393 normam
493 2333 526 2390 et
548 2326 583 2391 in
599 2324 735 2390 Graecis
757 2325 926 2391 vocabulis
950 2327 1039 2392 etin
1059 2347 1169 2390 nume-

158 2520 159 2525 *
202 2438 248 2502 ris
277 2435 461 2502 scribendis
484 2445 617 2501 secutus
640 2436 713 2500 sim.
758 2435 843 2500 Nam
865 2458 941 2502 cum
968 2459 1011 2502 ex
1031 2445 1170 2521 utroque

201 2569 321 2632 genere
336 2545 499 2633 permulta
513 2567 572 2632 pro
588 2546 752 2612 brevitate
768 2545 845 2611 libri
864 2546 1068 2632 reperiantur
1082 2543 1171 2630 apud

203 2655 436 2736 Censorinum,
473 2655 606 2718 minime
638 2675 677 2718 ea
708 2675 760 2718 res
792 2654 997 2738 neglegenda
1027 2653 1170 2719 videtur.

202 2765 350 2830 Primum
371 2773 480 2828 autem
501 2764 565 2829 boc
585 2762 666 2827 mihi
687 2783 881 2849 persuasum
908 2784 980 2828 esse
1001 2762 1170 2848 profiteor,

204 2884 330 2942 certam
350 2873 457 2959 legem
478 2894 583 2959 neque
612 2871 693 2937 alios
717 2873 892 2958 scriptores
914 2872 1087 2960 plerosque
1109 2895 1171 2938 nec

205 2983 419 3049 Censorinum
447 2983 510 3050 sibi
533 2982 699 3064 sanxisse,
728 3004 771 3047 ex
793 3003 857 3069 qua
884 2991 916 3048 et
938 3005 1090 3050 numeros
1112 2994 1172 3050 aut
1271 2965 1272 2982 Χ

201 3093 289 3158 notis
312 3102 371 3156 aut
390 3091 508 3156 litteris
532 3101 564 3158 et
580 3090 709 3164 Graeca
730 3101 788 3158 aut
809 3093 947 3168 Graecis
970 3102 1028 3160 aut
1041 3093 1172 3159 Latinis

203 3201 356 3268 ductibus
380 3202 576 3286 scriberent3
600 3202 659 3268 sed
679 3202 810 3288 regulas
826 3203 959 3291 quidem
981 3203 1083 3270 luisse
1105 3202 1173 3268 ali—

202 3333 299 3400 quas,
322 3333 531 3399 nequaquam
551 3320 664 3377 tamen
684 3312 913 3403 immutabiles.
951 3314 1037 3379 Tum
1058 3313 1173 3399 negari

200 3445 268 3489 nnn
290 3432 399 3510 potest
420 3434 546 3488 veteres
568 3422 722 3490 librarios
743 3423 778 3510 in
800 3412 1023 3495 describendis
1047 3423 1174 3489 codici-
