2560 3958
215 219 258 284 62
502 233 708 282 arnamar
732 232 806 282 orn.
823 233 896 281 vrrr.

216 374 397 454 triangulum
425 371 638 453 aequilaterum
667 375 748 450 quod
774 373 897 452 paribus
922 372 1007 435 trinis
1032 371 1186 438 lateribus.
1266 359 1267 430 Ῐ

183 459 356 522 aisosoeles
377 459 455 536 quod
479 458 537 520 duo
557 465 670 518 tantum
690 456 783 518 latera
803 459 885 537 paria
907 457 1005 520 habet.
1047 457 1187 520 scalenon

218 545 297 624 qnod
327 544 383 605 tria
411 543 505 604 latera
534 540 697 623 inaequalia
723 541 821 603 habet.
867 542 1086 621 orthogonium¹
1106 545 1188 623 quod

216 629 307 692 habet
327 635 444 690 reolum
466 626 617 704 angulum.
654 625 873 706 amblygonium
889 627 969 706 quod
984 627 1075 688 habet
1094 645 1187 690 unum

217 712 358 793 angulum
380 712 528 773 hebetem.
575 711 751 793 oxygonium
774 711 852 790 quod
874 729 978 772 omnes
997 720 1060 772 tres
1083 721 1222 774 auutos5

217 797 340 877 angulos
369 796 468 858 habet.
515 795 782 876 quadrilaterarum
811 795 977 857 lormarum
1008 797 1187 875 quadratum

217 881 362 961 estquod
388 883 487 942 omnia
509 887 648 958 quattuor
669 879 762 941 latera
777 886 874 958 partu
896 880 1035 942 habetet
1061 881 1187 960 angulos

215 974 324 1029 rectos.
361 965 566 1027 heteromeees
588 964 668 1042 quod
689 964 813 1043 angulos
834 973 934 1028 rectos
953 984 1009 1028 neo
1025 965 1118 1028 latera
1133 983 1187 1046 pa-

181 1063 198 1112 4
215 1052 259 1112 ria
280 1050 379 1112 habet.
425 1049 555 1116 scutula,
584 1049 613 1109 id
634 1056 679 1110 est
699 1048 858 1120 rhombos,
890 1049 968 1129 quod
989 1050 1082 1111 latera
1102 1053 1187 1130 paria

215 1135 305 1196 habet
319 1152 375 1195 neo
391 1133 514 1212 angulos
529 1140 636 1194 rectos.
650 1132 756 1214 'simile
772 1133 918 1204 scutulae,
935 1135 1020 1196 ouius
1036 1137 1185 1197 contraria
1206 1147 1235 1195 ru

215 1219 308 1281 latera
332 1226 359 1280 ot
383 1219 525 1279 contrarii
545 1216 646 1295 anguli
667 1219 746 1279 inter
760 1237 792 1280 se
807 1235 895 1296 pares
910 1226 992 1289 sunt,
1014 1220 1066 1280 sed
1088 1237 1186 1300 neque

216 1302 430 1383 aequilaterum
456 1321 553 1384 neque
577 1305 669 1364 rectis
692 1301 807 1381 angulis
833 1311 885 1364 est.
929 1305 1058 1381 trapezia
1085 1312 1186 1366 uetera

215 1391 415 1450 nominantur.
439 1387 600 1467 paralleloe
614 1387 709 1448 lineae
724 1395 793 1449 sunt
807 1405 883 1467 quae
898 1389 928 1448 in
946 1388 1049 1449 eadem
1065 1387 1185 1466 planitie

215 1475 330 1552 positae
345 1491 505 1552 numquam
520 1474 600 1534 inter
615 1491 647 1534 se
663 1475 846 1550 contingunt.

549 1673 599 1724 DE
618 1673 854 1726 POSTULATIS.
1206 1675 1238 1726 15

278 1809 427 1871 Postulata
455 1817 675 1888 geometrarum
703 1817 774 1870 sunt
798 1812 937 1889 quinque.
984 1817 1018 1872 ut
1038 1809 1125 1872 liceat
1145 1810 1182 1872 ah

215 1895 295 1954 omni
315 1896 399 1971 signo
422 1893 458 1954 ad
478 1909 567 1954 omne
588 1901 699 1954 rectam
725 1892 834 1954 lineam
856 1893 980 1966 ducere,
1012 1902 1042 1956 et
1064 1911 1182 1958 omnem

214 1979 325 2038 linitam
347 1985 459 2038 rectam
479 1976 586 2038 lineam
608 1997 624 2038 e
644 1979 766 2054 regione
789 1980 901 2046 eicere,
933 1981 1063 2040 alumni
1085 1980 1184 2042 madio

214 2071 244 2123 et
263 2060 418 2123 intervallo
439 2060 583 2122 circulum
605 2061 751 2132 scribere,
782 2074 811 2124 et
826 2081 930 2125 omnes
945 2070 1044 2125 rectos
1059 2063 1184 2142 angulos
1270 2087 1271 2090 ¹

213 2148 291 2207 inter
317 2163 456 2224 separes
482 2164 560 2215 esse,
597 2155 626 2208 et
653 2148 678 2206 si
705 2148 735 2207 in
761 2145 853 2208 lineas
874 2156 976 2210 rectus
999 2155 1081 2210 reeta
1107 2148 1184 2210 linea
1203 2159 1238 2209 20

281 2335 304 2381 1.
325 2346 537 2396 aequitarenum
556 2331 594 2397 qd
611 2329 666 2397 (um
685 2329 719 2397 qd
737 2335 763 2381 in
780 2347 875 2382 rasura
893 2335 1001 2399 quinque
1018 2349 1097 2385 aenne
1116 2335 1184 2385 litte·
1213 2349 1214 2352 ’

211 2398 367 2518 llllll‘
380 2402 446 2518 llll
462 2400 661 2517 ttulit
678 2400 992 2518 tritutari...
1007 2409 1069 2520 'zu‘
1086 2401 1183 2519 que.

213 2483 371 2586 scaoeessou
388 2536 422 2598 I),
434 2502 585 2600 ‘aoadqnon
607 2534 634 2583 V
699 2538 723 2586 3
738 2484 893 2600 portogonii
916 2484 943 2585 f}
945 2534 962 2594 ¹,
985 2552 1054 2587 corr.
1073 2553 1110 2587 oo.
1128 2553 1183 2591 ree.

210 2605 236 2654 4.
257 2603 465 2669 amphrqontutn
482 2602 520 2664 D,
544 2603 730 2668 ampigoninm
758 2605 785 2653 V
849 2618 933 2653 unum
956 2603 1111 2664 Nuuueaa'ua,
1137 2605 1182 2655 ido

212 2671 273 2719 din
290 2685 357 2730 aaa„
376 2670 448 2719 idem
471 2668 500 2718 V
563 2671 587 2720 5.
606 2669 739 2720 honorem
759 2672 796 2734 I),
815 2670 963 2721 habentem
981 2672 1031 2720 alV
1097 2672 1181 2723 ocho·

211 2747 319 2802 qontum
341 2737 399 2786 DV
464 2737 488 2788 6.
518 2734 753 2799 quebmnarenum
781 2737 846 2796 DV,
876 2755 945 2792 corr.
969 2738 1113 2789 Nuuueaa'oa

211 2805 236 2860 'l.
259 2806 340 2869 paria
362 2805 422 2854 add.
442 2803 566 2854 Cauchius
634 2807 659 2856 8.
683 2817 862 2856 erenomeoee
880 2806 937 2855 DV
1003 2811 1094 2856 rectos
1118 2809 1180 2858 add.

211 2872 356 2923 Nunneoiua
424 2874 448 2922 9.
462 2883 574 2922 nummos
587 2873 643 2924 DV
711 2873 951 2924 10.e1mmeeDV
1016 2876 1056 2925 12.
1077 2889 1181 2939 aequa·

211 2988 291 3024 nonen
304 2988 358 3024 aur
370 2956 600 3045 omueqvpneorts
619 2976 644 3025 D
663 2972 691 3038 (v
709 2975 769 3025 add.
789 2974 826 3040 d),
846 2975 1001 3040 aequaliter
1019 2979 1067 3024 aut
1086 2990 1182 3027 omne—

210 3054 264 3104 qne
282 3041 365 3091 rectia
389 3041 425 3098 V,
448 3057 516 3094 corr.
536 3041 673 3100 Cauchius,-
694 3043 753 3092 milri
770 3048 852 3093 tamen
874 3042 1105 3108 aequilateratum
1123 3045 1182 3095 olim

207 3109 289 3171 fua'aae
306 3108 406 3158 uidetur
475 3107 592 3173 nopebra
611 3111 644 3171 J),
662 3108 774 3175 repedia
792 3113 969 3175 superscripta
989 3125 1005 3160 a
1028 3112 1056 3161 V
1070 3114 1085 3161 1
1103 3127 1135 3164 m.

211 3177 251 3227 13.
264 3189 487 3240 panannonraam
499 3178 537 3235 Ι),
556 3175 747 3242 parallelynae
760 3177 790 3241 d,
809 3178 916 3245 paralio
929 3179 984 3244 linq
1002 3179 1027 3227 V
1078 3177 1180 3229 enhea-

210 3241 267 3294 bem
286 3244 318 3305 D,
338 3245 444 3294 eumd
494 3243 615 3310 planioiq
637 3244 666 3293 V
730 3245 770 3297 14.
789 3259 942 3312 courrqnuo
960 3247 985 3295 D
1055 3247 1095 3298 13.
1114 3261 1180 3311 geo·

209 3311 433 3362 metriarumclV
500 3313 540 3362 17.
560 3309 710 3362 abomnem
725 3312 781 3361 DV
846 3313 886 3362 18.
900 3314 1037 3364 nantaurli
1089 3313 1182 3364 medio

206 3380 361 3440 Nonacrius,
381 3377 456 3429 moon
474 3380 535 3443 DV,
555 3377 664 3444 κέντρῳ
683 3379 813 3438 Euclides,
833 3383 929 3431 contro
948 3384 1076 3445 interpres
1088 3381 1178 3431 Enati-

210 3448 250 3497 dia
266 3450 291 3498 in
306 3449 418 3501 &amat
432 3447 535 3502 Lacum.
552 3464 581 3511 p.
596 3450 654 3507 379,
668 3450 700 3497 11
768 3449 808 3498 20.
828 3448 900 3499 inter
913 3445 955 3512 se]
972 3449 1093 3500 minores
1111 3448 1181 3499 dnos

209 3516 293 3566 rectia
316 3517 340 3566 V
407 3515 497 3566 lineas
515 3519 608 3566 recten
627 3516 783 3576 Nannenus,
804 3527 912 3567 niueam
933 3517 990 3567 DV
