2560 3958
170 226 209 272 VI
550 223 760 274 PRAEFATIO.

170 361 353 444 scripturae
379 359 523 424 varietas
558 367 591 424 et
618 359 721 424 altera
746 359 803 425 illa
830 383 930 448 quam
957 335 1140 426 (111111-

170 477 280 534 textus
303 467 409 534 forma
423 467 519 554 plene
542 491 580 534 ac
600 472 770 556 perspicue
791 470 827 550 in
848 471 1060 537 adnotatione
1083 493 1138 557 ap-

168 587 357 663 poneretur.
393 577 511 664 Itaque
532 589 723 664 pergratum
741 580 879 664 contigit
901 589 937 646 ut
951 582 1137 646 AUGUSTUS

166 686 385 771 Wnnnsss,
423 689 516 753 cuius
553 689 699 754 amicitia
734 712 801 754 non
836 690 870 754 in
902 691 964 756 bac
1000 713 1067 757 una
1101 713 1137 755 re

165 805 319 884 prompta
345 797 425 862 mihi
453 820 493 862 ac
519 807 637 884 parata
664 799 729 864 fuit
755 800 880 865 Romae
910 800 1135 883 commoranti,

165 916 282 990 sponte
297 907 491 972 concederet
505 909 755 974 commentarios
772 930 848 974 suos
865 911 983 996 quibus
1007 931 1136 974 omnem

164 1039 184 1080 e
211 1015 323 1082 codiee
352 1015 514 1082 Vaticano
542 1016 736 1082 varietatem
764 1018 877 1084 sedulo
906 1020 1134 1106 exscripserat.

163 1125 231 1190 Hic
252 1127 340 1189 enim
361 1123 454 1207 liber,
477 1136 515 1191 ut
537 1149 611 1192 cum
633 1127 898 1193 Darmstadiensi
920 1128 989 1193 fere
1012 1128 1134 1214 ubique

165 1236 340 1316 consentit,
363 1235 412 1300 ita
433 1239 467 1298 in
488 1235 641 1302 dissensu
663 1237 855 1324 plerumque
877 1238 1024 1325 sequitur
1047 1237 1134 1302 alte-

162 1365 235 1406 ram
256 1341 347 1407 illam
369 1345 584 1412 recentiorem
605 1369 749 1412 manum.

227 1452 325 1518 Hanc
359 1454 490 1540 quidem
523 1458 646 1521 vetusti
680 1457 851 1521 cuiusdam
886 1456 1131 1543 interpolatoris

163 1585 306 1650 operam,
329 1565 535 1650 paucissimis
557 1565 639 1631 locis
661 1566 867 1652 probandam
891 1565 1065 1652 (111125,
1083 1567 1133 1630 16.

162 1674 213 1755 66,
228 1675 295 1762 20),
320 1697 393 1739 cum
416 1675 521 1741 secuti
543 1683 652 1740 essent
667 1677 792 1761 priores
816 1676 958 1741 editores
974 1675 1132 1762 plerique,
1196 1694 1209 1710 ·

160 1782 303 1868 plurima
325 1807 403 1849 sane
425 1784 549 1848 indicia
571 1785 764 1848 mendorum
786 1806 870 1868 quae
893 1784 1075 1868 antiquitus
1098 1786 1132 1848 in

162 1891 334 1957 Censorini
353 1893 473 1958 librum
494 1891 696 1977 irrepserant
710 1892 950 1976 quodammodo
974 1892 1078 1957 oblita
1100 1903 1134 1956 et

162 2000 326 2065 occultata
347 2000 491 2065 fuerunt.
537 2001 716 2087 Postquam
738 2021 818 2066 vero
840 2001 969 2066 omissis
992 2000 1041 2064 his
1063 2001 1133 2064 ina-

160 2111 258 2176 nibus
281 2111 473 2176 commentis
491 2110 571 2176 Otto
587 2109 711 2175 Iahnus
733 2112 856 2176 reverti
878 2112 986 2196 coepit
1008 2110 1051 2174 ad
1066 2111 1131 2195 pri·

162 2221 286 2286 mariae
308 2243 424 2285 manus
440 2221 593 2304 vestigia,
615 2219 720 2285 multa
743 2219 821 2286 olim
842 2222 1004 2284 immerito
1021 2230 1132 2305 spreta

162 2338 219 2416 aut
245 2328 396 2414 neglecta
423 2353 464 2394 ex
492 2329 555 2393 hac
583 2330 656 2415 ipsa
684 2331 878 2394 auctoritate
902 2329 1038 2413 corrigi,
1067 2329 1133 2392 alia

160 2438 325 2528 probabili
346 2440 533 2504 coniectura
555 2441 665 2504 sanari
687 2448 864 2524 potuerunt
871 2487 880 2522 ,
903 2437 1062 2504 nonnulla
1084 2447 1131 2528 ta-

160 2572 235 2614 men
268 2572 351 2634 quae
368 2551 517 2634 ,gravius
551 2557 706 2635 corrupta
738 2556 849 2613 essent
874 2548 1000 2613 intacta
1027 2547 1133 2610 relin-

160 2657 292 2743 quenda
313 2659 457 2723 fuerunt.
500 2657 546 2722 Et
567 2658 711 2720 maxime
733 2655 924 2719 lacunarum
945 2656 1038 2719 notas
1062 2675 1131 2718 sae·
1189 2689 1193 2700 ι
1271 2721 1272 2738 ,

162 2767 235 2852 pius
249 2766 329 2852 poni
351 2765 495 2851 oportuit
518 2786 616 2851 quarn
638 2773 734 2828 antea
748 2765 876 2828 factum
899 2773 979 2828 erat.
1015 2763 1088 2844 Quo
1113 2787 1130 2828 e

162 2898 281 2960 genere
308 2883 346 2940 ut
366 2898 467 2940 unum
490 2874 640 2957 afferam,
670 2883 809 2959 apparet
830 2895 902 2959 cap.
919 2890 981 2936 xlv
1013 2872 1060 2959 (p.
1077 2873 1130 2953 25,

164 2984 218 3068 17)
247 2985 351 3049 verba
371 2985 506 3050 turbata
527 3003 605 3062 quae
627 2988 686 3047 duo
709 2993 768 3047 cet.
796 3005 862 3048 non
888 3003 985 3069 posse
1013 3004 1052 3047 ea
1072 3004 1132 3045 ra-

163 3094 250 3158 tione
273 3093 383 3157 sanari
404 3115 502 3178 quam
523 3094 713 3160 Ludovicus
737 3092 779 3157 de
800 3093 861 3158 Ian
885 3092 961 3157 iniit
982 3092 1017 3156 in
1039 3112 1133 3156 oom-

163 3203 330 3268 mentariis
366 3202 621 3269 Monacensibus
655 3205 711 3290 qui
742 3203 967 3269 inscribuntur
996 3207 1133 3267 Gelebrle

156 3317 316 3392 ,Anzeipen
344 3313 445 3398 (tom.
465 3313 586 3380 XXIV
614 3337 647 3400 p.
668 3314 727 3377 211
753 3314 823 3399 ss).
874 3313 959 3376 Nam
986 3334 1061 3376 cum
1090 3311 1131 3375 de

157 3423 320 3489 duodenis
344 3445 505 3490 annorum
519 3423 780 3490 hebdomadibus
802 3425 837 3487 in
859 3430 1001 3488 aetatem
1020 3421 1132 3484 huma-

178 3714 221 3728 ⁴-
