2560 3958
193 158 236 221 30
431 173 478 219 nn
501 173 562 219 orn
585 172 716 219 ututur
740 172 814 220 car.
831 172 914 220 xvir.

194 311 300 382 flores,
330 329 417 390 quam
438 320 543 389 potero
564 310 751 372 lucidissimis
772 313 849 372 notis
869 310 1008 387 signabo;
1044 329 1080 372 ex
1102 331 1166 392 quo

160 397 283 457 aetiam
305 396 420 473 primns
439 394 490 456 ille
512 403 580 456 tuus
601 395 706 456 natalis
726 396 836 475 liquido
858 403 1005 456 noscetur.
1024 395 1166 474 'tempus

194 487 292 540 autem
308 497 369 539 nou
385 480 461 540 diem
478 480 680 540 tantummodo
697 480 742 540 vel
757 497 889 540 mensem
907 479 951 540 vel
967 497 1078 540 aunum
1093 499 1166 542 vcr-
1255 507 1256 566 t

194 570 304 624 tentem
327 560 460 643 appello,
483 564 534 626 sed
558 572 586 624 et
601 565 680 642 quod
702 565 819 642 quidam
836 564 961 625 lustrum
984 572 1034 625 aut
1049 582 1165 626 anuum
1255 623 1256 636 ,

160 660 175 708 3
193 666 333 726 magnum
354 656 474 718 vocant,
501 656 530 710 ει
550 650 628 726 quod
649 649 800 710 sacculum
821 651 983 709 nominant.
1028 655 1165 710 ceterum
1187 661 1205 710 5

194 733 230 794 de
246 751 326 802 aevo,
344 733 422 812 quod
439 740 483 794 est
494 742 610 812 tempus
626 751 716 794 noum
733 741 762 794 et
776 735 945 804 maximum,
963 751 1022 792 non
1035 733 1164 795 multum
1255 755 1256 758 ¹

194 818 332 897 estquod
348 819 378 878 iu
394 819 560 896 praesentia
575 817 700 878 dicatur.
739 826 784 879 est
799 820 877 878 enim
894 819 1078 887 inmensum,
1096 819 1164 880 siue
1255 869 1256 898 ,

194 903 322 978 origine,
339 904 403 961 sine
418 904 490 976 tine,
514 902 593 980 quod
609 902 713 962 eodem
730 902 819 963 modo
835 918 953 979 semper
969 902 1023 962 luit
1039 909 1068 962 et
1082 921 1162 963 sem·

193 1005 247 1064 per
269 987 402 1046 futurum
425 995 482 1055 est,
514 1003 610 1064 neque
636 987 673 1047 ad
694 1005 870 1066 quemquam
891 987 1045 1047 bominum
1068 988 1164 1063 magis

160 1081 177 1128 4
195 1087 283 1147 quam
299 1068 475 1131 adulterum
492 1071 628 1148 pertinet.
660 1071 717 1132 boc
740 1075 771 1132 in
787 1074 841 1132 tria
862 1070 999 1132 dividitur
1014 1077 1162 1150 tempora,
1187 1083 1220 1132 10

194 1155 405 1230 praeteritum,
433 1172 590 1232 praesens,
612 1156 755 1216 futurum.
792 1173 808 1216 e
835 1154 942 1235 quibus
968 1157 1164 1234 praeteritum

193 1239 276 1298 initio
291 1245 381 1308 caret,
399 1241 477 1300 exitu
493 1239 634 1310 laturum,
650 1257 793 1318 praesens
808 1248 916 1308 autem,
932 1240 1011 1318 quod
1029 1240 1162 1300 medium
1216 1308 1221 1316 ,

195 1333 255 1393 εει,
272 1323 347 1383 adeo
363 1326 502 1401 exiguum
519 1331 548 1384 et
562 1323 852 1401 inconprehensibile
869 1330 921 1394 cst,
938 1331 971 1384 ut
986 1321 1098 1384 nullam
1113 1341 1163 1384 re·

193 1408 282 1485 cipiet
297 1405 509 1484 longitudinem
526 1425 624 1488 neque
640 1407 719 1470 aliud
735 1425 800 1468 esse
815 1408 946 1468 videatur
962 1425 1049 1487 quam
1065 1416 1163 1469 trans·

193 1492 249 1552 acti
264 1492 414 1571 futurique
429 1494 612 1562 coniunctio,
636 1493 710 1554 adeo
725 1511 815 1570 porro
830 1491 980 1562 instabile,
1003 1498 1036 1552 ut
1050 1491 1164 1554 ibidem
1184 1504 1218 1554 15

193 1577 231 1636 sit
245 1593 421 1655 numquam,
443 1585 472 1638 et
487 1577 628 1656 quidquid
643 1579 820 1638 transcurrit
835 1596 850 1637 a
867 1577 966 1637 laturo
982 1576 1117 1654 decerpit
1131 1587 1164 1638 et

159 1671 175 1718 5
193 1659 314 1739 adponit
334 1664 503 1740 praeterito.
549 1663 622 1723 baec
641 1664 720 1722 inter
740 1680 772 1722 se
792 1668 942 1740 tempora,
974 1669 1041 1721 ante
1061 1668 1162 1722 actum

193 1745 260 1806 dico
277 1753 306 1806 et
319 1753 491 1813 venturum,
518 1762 615 1824 neque
631 1745 712 1823 paria
728 1754 797 1806 sunt
811 1763 907 1825 neque
927 1747 966 1806 ita
986 1753 1019 1806 ut
1035 1745 1160 1808 alterum
1255 1743 1256 1752 ’

193 1828 287 1888 ειιεεο
313 1828 430 1907 longius
455 1829 609 1890 breviusve
634 1830 782 1890 videatur:
821 1831 963 1909 quidquid
992 1830 1070 1890 enim
1097 1848 1160 1890 uon

159 1912 282 1972 chaber
301 1913 405 1981 tinem,
437 1911 635 1973 conlationem
661 1931 818 1974 mensurae
845 1931 905 1974 non
925 1915 1038 1992 recipit.
1085 1932 1159 1993 qua·
1177 1927 1215 1976 20

192 2003 315 2074 propter
337 2015 439 2057 aerum
461 2015 558 2076 neque
580 2015 726 2059 annorum
748 2017 803 2058 nec
824 1998 1011 2060 saeculorum
1032 2017 1158 2059 numero

193 2097 248 2141 nec
270 2081 396 2159 denique
418 2080 478 2142 ullo
494 2083 568 2142 liniti
589 2085 730 2160 temporis
751 2083 871 2144 modulo
887 2084 986 2144 metiri
1009 2082 1157 2144 conabor:

192 2165 266 2226 haec
289 2169 368 2227 euim
384 2165 421 2226 ad
436 2175 562 2228 aetatem
583 2168 724 2228 infinitam
746 2185 805 2227 nou
822 2175 891 2228 sunt
905 2165 1047 2228 brumalis
1068 2169 1158 2228 unius

191 2250 284 2310 instar
298 2252 399 2312 borae.

159 2344 174 2392 ι
256 2335 357 2415 ltaque
378 2343 410 2396 ut
430 2334 546 2396 saecula
566 2337 680 2416 possim
698 2353 876 2415 percurrere
899 2342 927 2395 et
947 2336 1004 2397 hoc
1019 2343 1157 2396 nostrum
1178 2348 1213 2397 25

192 2436 333 2496 praeseus
359 2419 528 2496 designare,
560 2422 677 2482 omissis
696 2423 795 2481 aureis
821 2421 1027 2500 argenteisque
1049 2427 1078 2481 et
1098 2420 1157 2481 hoc

192 2519 285 2578 genus
306 2505 444 2582 poeticis,
468 2523 483 2564 a
506 2505 625 2566 conditu
646 2504 729 2566 urbis
749 2505 877 2575 Romae,
901 2507 1014 2584 patriae
1035 2511 1156 2566 nostrae

140 2589 175 2650 17
193 2591 373 2657 communis,
405 2588 557 2657 exordiar,
590 2599 619 2650 et
641 2591 781 2666 quoniam
803 2589 919 2650 saecula
940 2596 990 2651 aut
1009 2589 1155 2651 naturalia

192 2677 261 2730 sunt
276 2678 326 2730 aut
341 2671 450 2742 civilia,
467 2673 550 2750 prius
565 2671 602 2732 de
618 2673 802 2733 naturalibus
818 2674 921 2734 dicam.

157 2763 173 2811 ε
256 2754 411 2816 Saeculum
438 2763 482 2816 est
516 2757 642 2834 spatium
669 2758 744 2817 vitae
771 2757 917 2819 humanae
949 2757 1153 2836 longissimum
1174 2769 1213 2824 30.

258 2979 282 3026 4.
303 2981 452 3026 autunum
471 2977 544 3024 annii
568 2975 595 3025 V
654 2977 678 3026 5.
698 2977 820 3026 seculum
842 2977 869 3027 V
925 2980 948 3027 7.
968 2977 1111 3040 presentia
1133 2977 1159 3026 V

192 3045 232 3093 10.
252 3056 332 3106 qnam
352 3042 519 3092 abunrennm
537 3045 575 3105 D,
596 3057 678 3107 quam
697 3042 733 3092 nd
751 3043 906 3094 adulterum
925 3046 943 3094 d
1012 3045 1052 3092 11.
1074 3061 1088 3092 ε
1107 3059 1154 3095 om.

190 3109 249 3158 DV
313 3111 353 3162 tn.
375 3123 487 3160 tutotuto
511 3110 635 3173 (petrurio
660 3118 719 3160 unte
740 3111 809 3178 ras.)
836 3113 861 3162 D
931 3123 1037 3162 exrnum
1060 3112 1086 3160 D

192 3178 231 3227 13.
259 3177 559 3242 tueoupnaebeustnme
582 3179 619 3237 Ι),
650 3178 884 3244 incomprensibile
913 3180 938 3230 V
1007 3179 1046 3227 16,
1076 3180 1154 3242 quic-

190 3243 255 3309 quid
284 3245 312 3292 V
376 3251 403 3294 οι
427 3245 542 3309 adponit
562 3248 715 3310 praeterito
737 3263 783 3298 om.
811 3247 835 3296 V
904 3249 944 3299 18.
968 3243 1065 3312 paria]
1091 3259 1154 3311 pro-

190 3313 251 3378 pria
273 3312 300 3362 V
367 3315 406 3366 19.
425 3313 556 3378 quicquid
579 3314 605 3364 V
670 3317 712 3366 26.
732 3313 880 3380 bestquane
900 3312 943 3378 (be
962 3330 998 3364 eu·
1016 3312 1053 3378 bt)
1073 3315 1098 3362 D

190 3383 231 3432 28.
252 3379 413 3431 exoubtanr*
424 3379 428 3442 l
440 3387 464 3430 et
484 3377 526 3444 qrb
547 3379 591 3444 (et
608 3383 680 3433 initio
698 3397 786 3432 uersus
797 3383 890 3434 'udscm
908 3397 939 3432 m.
960 3380 993 3447 2)
1012 3383 1049 3444 D,
1074 3396 1152 3431 exor-

190 3447 326 3513 diarlDE
346 3447 520 3500 semotius
543 3449 571 3498 V
584 3451 681 3500 omissis
700 3454 727 3498 et
745 3450 874 3514 qnoniam
893 3477 923 3486 -
943 3448 1034 3499 dicem
