2560 3958
376 231 424 284 nn
446 229 508 277 orn
530 229 663 278 utram
685 229 759 278 car.
776 231 835 278 xx.
1048 217 1088 280 41

121 369 211 430 rudes
238 371 409 432 etiamtum
432 369 488 431 sibi
509 385 644 450 quaeque
664 369 844 440 statuebant,
875 377 935 430 tam
958 372 1037 434 inter
1058 391 1090 434 se

122 455 293 533 discrepent
315 472 402 534 quam
424 473 491 516 cum
514 452 565 514 ilio
581 453 709 514 naturali
729 472 789 514 non
810 455 993 532 congruant?
1017 462 1046 516 et
1060 459 1091 517 in

121 541 255 619 Aegypto
272 540 391 618 quidem
407 539 641 619 antiquissimum
657 538 757 600 ierunt
777 557 888 599 annum
904 547 1089 602 menstruum

121 623 226 694 fuisse,
258 632 325 703 post
352 623 458 684 deinde
485 623 520 684 ab
549 623 635 684 isone
661 640 732 699 rege
758 623 1025 703 quadrimenstrem
1047 626 1089 686 ia-

86 721 103 769 t
122 716 217 778 ctum,
241 708 399 769 novissime
421 709 564 769 Arminon
587 708 622 768 ad
642 722 710 768 xrlr
731 725 850 769 menses
872 715 902 768 et
922 708 985 768 dies
1006 711 1089 788 qnin-

121 809 180 871 que
203 791 387 871 perduxisse.
417 794 487 854 item
508 794 539 852 in
561 791 668 854 Achaia
689 791 818 854 Arcades
839 793 1017 852 trimestrem
1037 803 1125 854 an-5

121 894 192 938 num
209 877 306 956 primo
326 876 466 938 habuisse
482 877 633 948 dicuntur,
656 883 686 937 et
700 876 738 936 ob
754 877 782 936 id
798 875 975 955 proseienoe
991 877 1090 956 appel·

120 959 186 1031 lati,
217 978 294 1031 non,
325 970 357 1022 ut
378 961 496 1040 quidam
517 969 635 1040 putant,
667 961 746 1039 quod
770 968 837 1022 ante
852 963 911 1021 sint
926 962 986 1020 nati
1001 979 1088 1039 quam

120 1043 208 1106 lunae
230 1053 342 1107 astrum
363 1045 445 1107 caelo
466 1052 558 1116 esset,
583 1045 635 1106 sed
657 1045 736 1124 quod
757 1047 841 1124 prius
861 1044 1018 1106 habuerint
1039 1064 1090 1106 an-

70 1140 103 1189 10
122 1147 193 1190 nom
215 1147 307 1207 quom
327 1132 352 1190 is
372 1133 403 1192 in
419 1131 542 1191 Graecia
558 1130 594 1190 ad
610 1130 698 1191 lunae
714 1147 835 1191 cursum
851 1132 1089 1191 constitueretur.

121 1220 190 1274 sunt
215 1217 267 1294 qui
291 1216 413 1276 tradunt
437 1216 517 1276 hunc
543 1231 651 1276 annum
678 1216 856 1275 trimestrem
879 1213 983 1275 Horon
1008 1217 1089 1276 insti·
1109 1222 1126 1270 6

121 1300 229 1368 tuisse,
257 1317 351 1378 eoque
373 1318 425 1360 ver
446 1305 586 1361 aestatem
612 1308 786 1360 autumnum
806 1299 936 1360 hiemem
951 1299 1041 1360 horas
1062 1309 1092 1361 et

121 1399 232 1444 annum
248 1385 346 1445 horon
362 1384 433 1454 dici,
463 1391 492 1445 et
508 1386 638 1445 Graecos
658 1382 779 1444 annales
794 1383 899 1453 horus,
928 1401 1091 1463 eorumque

121 1469 284 1546 scriptores
305 1468 519 1548 horographos.
554 1469 652 1548 itaque
668 1477 805 1547 quattuor
822 1485 967 1530 annornm
983 1470 1091 1530 circui-

72 1561 104 1610 15
122 1559 184 1611 tum
210 1553 239 1612 in
266 1553 387 1613 modum
409 1553 621 1632 pentaeteridis
647 1570 755 1612 annum
782 1570 921 1628 magnum
944 1551 1090 1614 dicebant.

122 1635 212 1698 Cares
238 1643 336 1696 antem
364 1643 393 1696 et
415 1636 583 1696 Acarnanes
609 1643 788 1696 semenstres
809 1635 979 1695 habuerunt
999 1643 1125 1696 annost

123 1726 153 1780 et
168 1721 245 1780 inter
260 1736 293 1779 se
308 1718 478 1788 dissimiles,
501 1717 608 1797 quibus
623 1717 743 1779 alternis
758 1719 820 1780 dies
836 1727 1029 1795 augescerent
1044 1729 1094 1781 aut

122 1813 328 1875 senescerent,
359 1821 470 1882 eosque
497 1803 671 1865 coniunctos
697 1803 777 1864 velut
802 1803 955 1864 trieterida
982 1821 1092 1865 annum

122 1905 273 1966 magnum.

71 1981 106 2032 20
188 1973 245 2034 Sed
272 1980 304 2034 ut
330 1974 385 2034 hos
411 1991 505 2034 annos
531 1975 663 2034 omittam
691 1972 815 2052 caligine
842 1973 898 2034 iam
925 1973 1145 2053 ριο1ιιιιι1ιιιι20

124 2057 277 2117 vetustatis
299 2056 458 2127 obductos,
485 2059 516 2116 in
537 2057 584 2118 his
605 2075 737 2136 quoqne,
765 2059 899 2136 quisunt
920 2060 1093 2120 recentioris

125 2141 286 2201 memoriae
307 2141 391 2201 etad
417 2158 539 2201 cursum
560 2141 647 2201 lunae
670 2140 715 2201 vel
731 2141 800 2201 sotis
821 2142 961 2210 instituti,
985 2150 1093 2221 quanta

125 2226 163 2286 sit
182 2227 308 2287 varietas
339 2224 422 2286 iaciie
451 2231 496 2285 est
517 2242 711 2302 cognoscere,
742 2226 767 2284 si
790 2225 855 2301 quis
878 2224 921 2284 vei
950 2226 980 2283 in
1007 2226 1093 2286 unius

124 2308 224 2371 ltaliae
241 2308 387 2386 gentibus,
404 2325 442 2370 ne
458 2309 552 2370 dicam
568 2309 743 2388 peregrinis,
762 2308 829 2369 velit
843 2308 1003 2388 inquirere.
1025 2325 1093 2369 nam

194 2631 218 2679 1.
242 2639 295 2680 rem
317 2629 343 2678 D
412 2630 437 2678 2.
461 2631 634 2693 congregent
660 2627 695 2687 V,
718 2644 787 2680 corr.
810 2644 841 2679 m.
860 2630 876 2676 2
899 2631 925 2678 ta
946 2644 1026 2694 maro.

124 2699 150 2747 3.
169 2701 337 2746 menstruum
354 2697 422 2748 coni.
441 2696 551 2754 Iatour,
575 2708 727 2755 mensrnem
753 2698 807 2760 (em
825 2697 851 2746 ia
868 2712 922 2749 aas.
941 2699 1016 2746 trium
1033 2696 1095 2759 litt.)

123 2763 162 2821 Ι),
183 2765 363 2814 bimenstrem
385 2763 422 2826 V,
445 2764 606 2814 bimestrem
629 2767 701 2828 culco
770 2765 794 2816 5.
819 2776 984 2815 uoutssuuee
1002 2765 1027 2814 D

123 2847 182 2883 x111
200 2845 214 2877 a
230 2833 269 2893 D,
296 2847 365 2890 3111·
388 2830 414 2880 V
480 2831 505 2885 6.
528 2832 557 2881 in
580 2831 673 2881 adiaia
699 2831 725 2880 V
791 2833 977 2882 trimenstrem
1003 2831 1030 2881 V
1036 2829 1039 2836 '

126 2901 151 2950 7.
170 2913 351 2962 proseneuan
368 2899 403 2962 I),
421 2914 501 2964 prose
520 2899 611 2965 lenem
633 2899 661 2948 V
726 2912 934 2963 apportaretur
946 2899 980 2957 I),
999 2898 1094 2963 appel·

126 2966 170 3017 lat
187 2965 216 3015 id
234 2970 264 3015 ut
282 2967 310 3024 d,
335 2966 485 3031 appellant·
508 2966 540 3018 Id
558 2970 589 3015 ut
610 2965 636 3014 V
703 2968 727 3015 9.
753 2965 832 3015 coelo
854 2965 879 3014 V
948 2966 988 3015 10.
1012 2978 1094 3028 quem

28 3073 34 3086 .
125 3050 174 3086 om,
195 3033 250 3084 DV
298 3033 341 3084 his
363 3034 388 3084 V
438 3045 717 3085 consrtruaeaenrun
733 3032 772 3094 D,
792 3032 1026 3084 constituerentur
1043 3034 1062 3084 d
1070 3033 1097 3082 V

128 3103 167 3152 11.
186 3103 374 3152 trimenstrem
395 3100 422 3150 V
489 3103 529 3150 12.
552 3101 635 3151 horus
652 3099 720 3160 DV,
746 3097 822 3164 dioec
839 3102 911 3166 outae
982 3102 1022 3151 13.
1046 3100 1093 3151 ho·

127 3183 177 3219 ron
195 3183 241 3220 orn.
261 3169 323 3232 DV,
343 3165 419 3231 ὧρον
436 3171 509 3233 ιιιιὶρο
578 3181 675 3233 grecos
698 3168 731 3232 V,
750 3182 820 3218 corr.
838 3185 869 3218 m.
888 3183 941 3218 rec.
1010 3168 1094 3219 horus

126 3237 194 3295 DV,
217 3234 309 3300 dinoot
332 3240 403 3300 mctqo
473 3239 783 3299 aerumnosaque,
811 3235 840 3284 V
904 3237 946 3285 14.
969 3250 1094 3287 sestaro-

128 3317 177 3354 nes
195 3303 221 3352 D
285 3299 472 3367 ώρογράφουε
489 3305 561 3366 outae
629 3317 755 3354 cmcmru
772 3302 830 3352 nV
896 3304 936 3354 15.
954 3303 1093 3367 pertrahe-

127 3369 232 3422 nentdts
245 3371 303 3420 DV
369 3373 410 3421 16,
423 3373 578 3421 semiermes
590 3369 615 3418 D
684 3373 725 3422 17.
739 3373 767 3421 ei
779 3387 880 3422 erasum
891 3371 917 3421 in
930 3371 967 3428 D,
980 3370 1054 3418 nabet
1071 3368 1096 3418 V

128 3441 169 3492 18.
182 3437 397 3490 ratheremtaD
466 3441 507 3490 10.
526 3441 639 3489 omitum
654 3438 681 3488 V
730 3450 881 3504 cantassem
895 3437 919 3486 D
987 3437 1028 3488 21.
1048 3449 1094 3484 ne·
1267 3429 1268 3496 i

127 3521 266 3558 rusaeros
283 3507 318 3569 D,
336 3508 443 3560 coemat
510 3517 693 3558 recensiones
711 3507 737 3556 D
1267 3497 1268 3547 i
