2560 3958
189 209 231 274 38
418 220 466 269 ou
488 218 549 266 um
571 216 703 266 utram
725 216 801 263 chr.
817 213 916 262 xvru.

190 360 313 424 terrallo
341 360 481 438 temporis
502 375 616 419 summa
647 354 823 416 caerimonia
848 351 1002 421 coluntur,
1034 348 1157 430 Delphis

191 464 309 526 quoque
335 443 397 504 ludi
424 443 474 522 qui
495 449 640 503 vocantur
660 439 761 518 Pythia
788 445 855 517 post
881 453 991 498 anuum
1021 442 1156 498 octavum

192 532 263 591 olim
293 528 536 591 conficiebantur.
580 526 714 604 proxima
744 531 789 584 est
818 523 895 584 hanc
923 521 1157 599 magnitudinem

193 634 267 694 quae
282 619 403 674 vocatur
425 611 628 672 dodecaeteris
644 628 680 670 ex
697 611 781 669 annis
796 605 976 668 vertentibus
988 605 1156 665 duodecim.

159 710 174 759 7
191 699 261 760 huic
276 716 354 758 anno
370 695 525 758 Chaldaico
541 713 650 756 nomen
667 701 724 763 est,
746 710 832 771 quem
849 688 1024 770 genethliaci
1040 706 1098 750 nou
1120 689 1157 750 ad
1176 699 1194 750 5

193 782 263 844 solis
284 782 430 859 lunaeque
451 797 557 842 cursus
578 778 629 840 sed
655 778 690 838 ad
713 776 933 838 observationes
954 773 1025 834 alias
1047 772 1159 834 habent

193 867 465 934 adcommodatum,
488 864 565 943 quod
587 867 618 923 in
640 881 675 923 eo
691 863 792 922 dieunt
812 867 1002 940 tempestates
1024 858 1157 936 frugum·

193 972 250 1032 que
265 958 427 1032 proventus
442 968 476 1009 ac
492 947 672 1015 sterilitates,
688 949 760 1008 item
775 944 896 1006 morbos
912 943 1157 1022 salubritatesque

159 1047 175 1097 8
193 1038 359 1108 circumire.
391 1039 544 1113 praeterea
566 1039 634 1092 sunt
655 1031 725 1091 anni
740 1030 839 1109 magni
854 1028 1027 1106 conplures,
1050 1035 1083 1088 ut
1097 1027 1158 1087 Me-

193 1123 322 1188 touicus,
354 1135 443 1196 quem
464 1117 562 1178 lleton
589 1115 777 1176 Atheniensis
804 1134 840 1176 ex
868 1115 952 1175 aunis
980 1112 1160 1190 undeviginti
1178 1123 1212 1172 10

194 1205 360 1272 constituit,
383 1219 478 1301 Q
495 1200 754 1264 enneadecaeteris
776 1197 941 1278 appellatur
957 1205 986 1258 et
1003 1195 1158 1259 intercala-

192 1297 241 1348 tur
268 1289 390 1365 septies,
421 1304 512 1364 mque
541 1302 577 1346 eo
607 1302 685 1345 anuo
714 1292 783 1344 sunt
813 1282 926 1343 die'rum
953 1295 989 1340 VI
1020 1281 1098 1344 milia
1129 1286 1159 1342 et

192 1383 364 1434 Dccccxu.
410 1378 456 1431 est
483 1378 511 1430 et
537 1367 659 1430 Philolai
681 1367 869 1446 Pythagorici
895 1384 989 1428 annus
1013 1386 1048 1427 ex
1074 1365 1159 1426 annis

193 1456 403 1535 quinquaginta
419 1472 537 1524 novem,
561 1455 590 1512 in
608 1472 666 1532 quo
686 1463 755 1513 sunt
776 1469 892 1512 menses
912 1450 1101 1512 intercalares
1117 1452 1158 1510 vi·

193 1541 266 1618 giuti
282 1549 310 1600 et
325 1557 418 1608 unus;
440 1541 510 1600 item
525 1536 648 1615 Callippi
665 1537 798 1616 Cyziceni
819 1556 854 1597 ex
876 1538 961 1596 annis
976 1536 1157 1615 septuaginta
1179 1544 1211 1594 15

193 1644 259 1694 sex,
284 1627 324 1686 ita
340 1631 372 1684 ut
387 1641 502 1684 menses
518 1622 738 1700 duodetriginta
758 1620 983 1690 interementes:
1008 1629 1037 1682 et
1052 1621 1157 1682 liemo-

194 1711 260 1770 criti
287 1729 321 1771 ex
346 1711 431 1770 annis
452 1721 577 1768 Lxxxn
600 1726 666 1767 cum
693 1705 886 1767 intercalariis
912 1706 1034 1784 perinde
1059 1706 1159 1783 viginti

160 1806 177 1854 o
195 1803 279 1862 octo;
302 1793 354 1856 sed
379 1802 408 1854 et
422 1791 583 1871 llipparchi
599 1809 634 1851 ex
650 1792 735 1852 annis
752 1803 885 1861 cccnn,
909 1793 939 1850 in
955 1809 1014 1870 quo
1031 1793 1158 1852 interea·

193 1877 272 1939 letur
301 1879 412 1938 centies
439 1877 535 1936 decies
556 1875 611 1936 his.
658 1876 731 1936 haec
759 1892 903 1936 annorum
926 1874 1095 1953 magnitudo
1123 1892 1158 1934 eo

195 1962 357 2039 discrepat,
379 1961 459 2036 quod
481 1961 558 2020 inter
574 1957 739 2038 astrologos
755 1976 816 2019 non
832 1960 967 2020 convenit
983 1967 1092 2037 quanto
1114 1957 1159 2018 vel
1178 1967 1211 2018 20

136 2065 137 2068 ¹
194 2045 238 2104 sol
260 2043 327 2121 plus
352 2062 441 2123 quam
465 2055 601 2104 ccccxv
624 2043 686 2104 dies
708 2045 738 2104 in
764 2061 843 2105 anno
869 2043 1004 2105 conficiat
1024 2041 1069 2103 vel
1090 2039 1159 2102 luna

145 2140 176 2189 10
195 2130 293 2191 miuus
308 2147 396 2209 quam
413 2129 532 2206 triginta
553 2129 585 2188 iu
601 2146 711 2189 mense.
744 2128 781 2190 ad
796 2129 1005 2208 Aegyptiorum
1022 2145 1092 2188 vero
1107 2119 1158 2186 an-

194 2232 265 2275 num
286 2232 426 2292 magnum
446 2212 514 2276 luna
537 2231 596 2273 uon
612 2215 753 2292 pertinet,
780 2231 867 2292 quem
884 2213 997 2274 Graece
1019 2209 1159 2282 κυνικόν,

194 2299 297 2358 Latine
313 2297 509 2376 canicularem
523 2316 670 2367 vocamus,
687 2305 845 2376 propterea
861 2296 938 2376 quod
952 2297 1065 2358 initium
1082 2295 1160 2356 illius

194 2384 331 2453 sumitur,
347 2401 414 2443 cum
427 2384 525 2460 primo
536 2382 582 2442 die
598 2383 662 2442 eius
673 2382 791 2450 mensis,
808 2399 895 2460 quem
911 2389 1016 2441 vocant
1027 2383 1160 2460 Aegyptii
1179 2389 1213 2438 25

195 2461 347 2542 Θωυθοί,
376 2466 526 2528 caniculae
552 2466 634 2527 sidus
656 2467 798 2526 exoritur.
844 2483 912 2526 nam
940 2484 1043 2526 eorum
1065 2482 1160 2527 annus

194 2550 286 2611 civilis
301 2551 395 2610 solum
413 2551 502 2611 habet
517 2550 579 2612 dies
595 2563 731 2611 occuxv
746 2551 809 2611 sine
824 2548 884 2610 ullo
901 2549 1085 2612 intercalari:
1107 2551 1160 2610 ita·

262 2752 284 2799 1.
304 2751 453 2801 cerimonia
475 2751 500 2800 V
568 2753 594 2801 3.
612 2751 733 2813 proxime
756 2751 784 2799 V
847 2752 1080 2804 edoceremus
1103 2753 1129 2800 V

194 2820 218 2869 5.
242 2817 431 2883 geneethliaci
458 2817 486 2866 V
551 2820 574 2868 7.
599 2816 823 2870 adcommodaroo
845 2816 1091 2884 (asdinraa.)1)

193 2887 217 2937 8.
236 2885 413 2950 morbosque,
437 2886 528 2937 omisso
548 2885 737 2949 salubritates,
761 2887 787 2934 V
853 2889 876 2939 9.
896 2900 1071 2939 merourtous
1089 2887 1146 2935 DV

194 2954 234 3003 to.
257 2952 439 3020 uudeutqenrt
461 2953 486 3002 D
556 2954 596 3003 11.
617 2956 892 3018 enneacaeloererue
911 2957 949 3014 D,
979 2971 1010 3004 m.
1029 2957 1045 3003 2
1068 2954 1161 3004 deleuit

193 3033 306 3098 cereres
330 3028 433 3084 etpost
451 3035 593 3072 anteactae
616 3024 641 3070 in
659 3037 739 3087 morp.
763 3023 849 3073 adeor.
869 3024 1065 3102 temskennea
1084 3025 1159 3071 eete-

192 3101 230 3136 rrs
253 3087 279 3134 V
346 3089 387 3136 12.
406 3088 499 3152 ruqll
542 3103 581 3137 >ur
599 3101 679 3140 monta
698 3106 730 3140 er
750 3105 871 3144 acocoxr.
890 3093 924 3153 D,
943 3106 971 3142 ut
990 3095 1018 3140 et
1038 3104 1159 3140 aooooxo

198 3153 226 3200 V
291 3154 332 3206 13.
360 3153 513 3218 phinonaue
537 3156 594 3205 DV
658 3159 806 3223 pythagori
832 3157 861 3207 V
925 3160 965 3210 14.
993 3172 1160 3210 rnreaoauo-

192 3234 234 3270 ars
254 3220 291 3278 D,
316 3221 489 3273 intercalarii
506 3226 572 3274 coni.
591 3225 710 3276 Halmius
780 3227 820 3277 15.
845 3240 954 3292 oaotppr
970 3226 1028 3277 DV
1093 3226 1159 3274 oizi·

193 3303 244 3336 cen
267 3288 293 3337 V
361 3289 402 3342 16.
421 3289 643 3356 huoderrnqerora
660 3294 684 3341 D
755 3295 794 3342 17.
814 3307 1019 3344 tarasconenses
1039 3293 1096 3342 DV

194 3357 416 3407 recendetes
482 3360 523 3412 22.
541 3360 711 3424 egyptiorum
729 3361 755 3409 V
820 3363 863 3412 25.
882 3363 1000 3424 quaml>
1052 3374 1160 3426 eeqrprt

191 3424 216 3471 Ι)
284 3427 327 3477 26.
346 3425 444 3476 dodum
461 3427 528 3485 DV,
548 3423 752 3478 &medimnus
769 3430 904 3478 secandum
916 3430 984 3478 Plio.
998 3432 1040 3489 27,
1054 3430 1096 3488 1²,
1110 3431 1161 3478 105

184 3491 342 3573 fidolum
360 3493 492 3559 Halmius,
513 3508 597 3544 eorus
615 3495 682 3554 DV,
702 3494 774 3544 solos
791 3497 863 3560 oulpo
