2560 3958
154 1031 295 1120 Munera
316 1077 353 1119 ex
375 1075 448 1119 auro
463 1057 510 1120 vel
525 1077 602 1138 quae
618 1077 653 1119 er
674 1066 796 1137 argento
811 1060 919 1129 nitent,
944 1061 1056 1122 caelato
1070 1052 1084 1108 l

92 1161 182 1222 opere
199 1161 287 1223 quam
303 1146 424 1204 materia
442 1145 573 1214 cariora,
591 1151 749 1223 ceteraque
764 1143 822 1204 hoc
837 1161 930 1222 genus
945 1145 1059 1206 blandi·

91 1235 190 1288 menta
205 1227 341 1289 fortunae
356 1228 450 1289 inhiat
464 1232 516 1290 ille
534 1231 585 1306 qui
600 1227 688 1307 vulgo
704 1228 784 1290 dives
804 1236 940 1289 vocatur:
963 1237 992 1291 te
1008 1247 1058 1290 au·

91 1321 161 1382 tem,
178 1312 284 1384 Quinte
298 1311 430 1382 Gaerelh,
448 1314 562 1374 virtutis
577 1329 637 1374 oon
652 1315 750 1374 minus
762 1330 849 1392 quarn
865 1315 1058 1393 pecuniarum

57 1401 72 1450 5
93 1396 225 1468 divitem,
249 1395 278 1457 id
294 1403 339 1458 est
353 1415 422 1458 vere
439 1396 573 1468 divitem,
595 1399 649 1458 ista
669 1415 729 1458 non
746 1398 879 1475 capiunt;
903 1415 963 1458 non
980 1393 1087 1476 quod2

93 1499 196 1542 eorum
217 1481 436 1559 possessionem
457 1481 502 1542 vel
518 1483 606 1542 etiam
622 1499 707 1543 usum
729 1499 745 1542 a
761 1488 790 1543 te
806 1483 927 1542 omnino
943 1482 1059 1544 abiece-

91 1566 147 1635 ris,
170 1565 222 1626 sed
239 1565 319 1643 quod
335 1567 511 1646 sapientium
527 1565 681 1644 disciplina
696 1567 841 1626 formatus
863 1567 933 1628 satis
947 1565 1059 1645 liquido

92 1651 253 1728 conperisti
274 1650 460 1710 huiusmodi
476 1649 530 1710 sita
551 1646 712 1710 inlubrico
727 1648 806 1709 bona
822 1649 934 1710 malave
955 1667 1010 1727 per
1026 1668 1058 1710 se

91 1751 152 1794 non
168 1751 246 1802 esse,
263 1732 316 1794 sed
329 1732 397 1796 τῶν
413 1732 533 1810 pecua,
556 1733 615 1793 hoc
631 1740 675 1793 est
689 1732 838 1795 bonorum
852 1733 1059 1812 malorumque

38 1817 186 1879 remedia
213 1819 339 1879 censeri.
376 1818 481 1888 haec,
509 1824 542 1879 ut
563 1811 695 1878 conaldus
717 1819 758 1877 ait
778 1817 950 1887 Terentius,
973 1814 1088 1896 per-3

91 1901 175 1964 inde
197 1908 282 1963 sunt
303 1909 342 1961 ut
362 1901 470 1962 illius
491 1908 546 1962 est
567 1903 709 1963 animus
732 1903 794 1980 qui
814 1902 1058 1980 eapossidet;

92 1988 154 2063 qui
180 1986 236 2046 uti
256 1987 329 2046 soit
355 1987 388 2047 ei
408 1985 519 2060 hona,
548 1984 609 2046 illi
633 1988 786 2065 quinon
813 1988 934 2047 utitur
954 1993 1057 2048 recte

91 2070 195 2130 mala.
231 2071 321 2148 igitur
342 2072 480 2148 quoniam
502 2072 627 2150 quisque
648 2088 708 2131 non
732 2077 841 2150 quanto
862 2070 947 2150 plura
962 2073 1092 2150 possi-4.

9 2233 10 2236 Ἴ
92 2155 156 2224 det,
173 2153 225 2216 sed
242 2160 351 2231 quanto
366 2155 506 2233 pauciora
522 2160 612 2232 optat,
628 2161 709 2214 tanto
727 2161 771 2215 est
785 2154 971 2232 locupletior,
988 2171 1060 2232 opes

8 2253 10 2309 ζ
39 2245 72 2294 15
91 2237 146 2299 tibi
168 2239 198 2298 in
221 2239 320 2299 animo
342 2239 502 2309 maximae,
534 2245 564 2299 et
585 2255 637 2298 eae
658 2237 777 2317 quidem
799 2256 875 2317 quae
895 2257 955 2299 non
970 2238 1060 2299 modo

8 2343 9 2404 4
91 2322 170 2383 hona
194 2323 312 2400 generis
332 2323 455 2383 humani
475 2321 667 2402 praecedant,
702 2322 754 2382 sed
776 2338 851 2399 quae
878 2323 914 2383 ad
936 2322 1059 2383 deorum

8 2407 9 2478 }
91 2406 305 2468 immortalium
327 2407 532 2469 aeternitatem
553 2407 671 2485 penitus
692 2405 842 2467 accedant.
880 2406 958 2487 quod
981 2408 1060 2468 enim

91 2490 259 2569 Xenophon
275 2490 443 2552 Socraticus
459 2489 545 2560 dicit,
560 2489 634 2572 nihil
651 2507 739 2568 egere
755 2497 800 2552 est
814 2490 954 2560 deorum,
971 2508 1058 2568 quam

91 2575 213 2635 minime
229 2583 326 2636 autem
341 2576 509 2652 proximum
526 2574 618 2636 adiis.
648 2592 740 2654 quare
756 2592 824 2635 oum
840 2573 915 2636 dona
931 2575 1088 2653 pretiosae

159 2775 267 2841 Incipio
279 2790 361 2827 cruere
380 2775 459 2828 actuo
477 2778 515 2835 D,
538 2777 644 2827 Incerta
656 2789 739 2827 oman
753 2775 758 2839 1
774 2790 920 2828 ccuoouuu
931 2792 968 2828 au
981 2802 987 2816 ·
1000 2793 1018 2836 o
1030 2802 1036 2816 ·
1050 2780 1054 2841 Ι

93 2849 253 2895 cancamum
275 2845 300 2894 V
367 2845 391 2894 2.
411 2859 497 2909 opere
513 2839 518 2908 1
534 2856 613 2908 quam
632 2845 665 2908 D,
684 2858 740 2894 non
755 2850 816 2908 post
834 2860 921 2910 operae
938 2847 1059 2910 tomam,
1141 2895 1144 2901 ,

92 2909 553 2977 adocr.d,01³amclnonnunquam
575 2913 602 2960 V
663 2919 774 2961 'cereno
792 2925 864 2974 quae
882 2913 907 2961 D
975 2917 1000 2963 3.
1019 2927 1059 2963 rn-

91 2979 167 3028 htant
183 2979 210 3028 lu·
228 2977 328 3041 (anthi
341 2981 360 3028 d
370 2979 472 3041 inrue.)
491 2981 529 3040 D,
548 2977 659 3028 inhiant
676 2977 706 3026 hi
727 2979 759 3036 V,
777 2977 868 3030 inhiat
885 2979 909 3028 is
929 2980 1020 3030 Carrio

92 3045 194 3096 diuites
218 3048 236 3096 d
250 3047 276 3096 V
341 3050 479 3096 uocantur
505 3047 530 3096 V
597 3046 623 3095 4.
652 3048 750 3108 quante
775 3043 869 3110 (eruco
887 3045 912 3112 i)
940 3048 966 3096 V
1033 3049 1058 3098 6.

93 3125 217 3163 anteeant
236 3114 269 3176 D,
289 3127 358 3163 corr.
378 3115 397 3163 d
464 3114 490 3166 8.
508 3127 569 3163 *aaa
588 3110 678 3176 (eruco
695 3111 719 3176 e)
738 3113 776 3174 D,
795 3112 837 3162 ita
859 3113 886 3163 V
951 3116 976 3164 9.
997 3129 1059 3164 esse

91 3193 195 3231 *atrurn
212 3181 251 3243 D,
283 3194 394 3244 reaper
411 3183 520 3244 primum
537 3181 647 3231 litteram
669 3195 770 3241 orosam
789 3182 848 3231 odd.
868 3183 897 3244 d,
930 3195 991 3231 esse
1010 3181 1059 3232 aed

93 3261 153 3298 των
176 3249 204 3296 V
269 3250 310 3298 10.
332 3248 391 3298 Ter.
410 3247 508 3298 He'aot.
528 3247 553 3310 I,
573 3251 599 3308 2,
618 3250 652 3298 21
663 3263 684 3298 s.
729 3247 732 3251 “
756 3248 795 3298 11.
814 3260 904 3298 accras
923 3249 985 3312 DV,
1006 3248 1059 3299 tul-

93 3313 145 3364 lius
164 3315 183 3364 d
251 3316 292 3365 12.
313 3328 339 3365 et
356 3315 425 3378 DV,
450 3316 517 3365 unde
536 3317 613 3366 ducto
631 3321 777 3366 transverso
796 3317 885 3368 addito
910 3329 943 3366 er
959 3316 1023 3380 fecit
1042 3316 1060 3365 d

8 3381 10 3400 ²
161 3383 204 3434 15.
225 3395 340 3433 maxime
356 3380 412 3432 DV
481 3397 515 3432 ea
537 3384 563 3433 V
572 3386 633 3432 m.2
703 3385 744 3434 17.
763 3381 992 3434 inmortaliumV
1107 3425 1109 3430 .

92 3463 226 3514 paentruo
244 3452 269 3500 D
338 3451 378 3502 18.
397 3463 498 3516 *ecana
510 3451 544 3514 D,
563 3451 696 3516 aegered
763 3453 803 3502 19.
821 3449 885 3501 dum
897 3451 934 3511 D,
954 3448 1009 3500 diis
1024 3445 1057 3510 V,

94 3515 153 3566 deis
171 3521 243 3582 culpo
310 3531 463 3582 puaearooa
480 3519 505 3567 D

811 3599 852 3660 1*
