2560 3958
179 133 222 198 26
424 145 472 192 ou
495 143 556 191 mu
578 142 709 192 narare
733 143 807 192 one.
825 143 894 192 xiv.

84 305 85 310 ¹
180 287 249 348 hem
263 303 422 364 apparere,
437 285 469 344 in
483 283 570 344 tertia
585 280 708 344 barbam
724 283 823 353 nasci,
839 283 870 342 in
885 289 989 360 quarta
1005 283 1097 351 vires,
1116 283 1150 342 in

181 372 282 448 quinta
308 369 505 431 maturitatem
533 367 568 428 ad
596 369 718 445 stirpem
738 367 977 446 relinquendam,
1006 368 1039 426 in
1064 372 1151 429 sexta

180 452 390 533 cupiditatibus
409 453 585 530 temperari,
607 452 636 514 in
653 453 777 530 septima
793 451 978 531 prudentiam
1000 450 1149 528 linguam·

179 557 239 617 quc
260 539 474 608 consummari,
506 539 536 597 in
557 544 657 597 octava
680 537 784 598 eadem
805 554 927 597 manere
958 536 996 617 (in
1018 555 1075 616 qua
1097 535 1150 597 alii

181 624 320 685 dixerunt
340 621 441 684 oculos
464 620 647 700 albescere),
679 623 709 681 in
731 639 809 682 nona
830 623 928 682 omnia
944 621 1009 682 fieri
1031 621 1149 699 langui·
1170 634 1189 684 5

181 708 272 778 diora,
288 709 317 768 in
334 708 447 769 decima
461 706 612 768 hominem
629 707 718 766 morti
731 707 798 767 fieri
812 712 969 766 maturum.
1002 714 1148 769 *atamen

180 794 210 853 in
226 793 354 854 secunda
370 790 557 853 hebdomade
571 790 617 851 vel
631 792 790 870 incipiente
806 793 890 852 tertia
903 809 1004 851 vocem
1021 792 1149 851 crassio-

180 895 245 959 rem
266 884 295 938 et
315 874 530 955 inaequabilem
546 875 625 944 lieri,
646 876 725 954 quod
741 873 915 936 Aristoteles
937 873 1065 954 appellat
1085 881 1149 936 tra-

180 962 272 1038 gizin,
309 962 420 1039 antiqui
450 962 542 1020 nostrl
567 958 754 1040 irquitallire,
787 967 816 1020 et
840 959 909 1019 inde
935 962 1014 1038 ipsos
1042 965 1151 1036 putant

180 1043 344 1124 irquitallos
365 1042 522 1123 appellari,
551 1044 629 1124 quod
649 1051 711 1106 tum
734 1061 842 1122 corpus
856 1045 950 1105 ireum
973 1043 1053 1105 olere
1073 1046 1148 1104 inci·
1170 1057 1206 1105 10

145 1141 162 1190 8
180 1131 249 1207 piat.
281 1129 317 1189 de
332 1131 419 1189 tertia
436 1136 533 1190 autem
550 1135 644 1192 aetate
659 1127 947 1191 adulescentulorum
963 1135 1025 1190 tres
1037 1128 1149 1206 gradus

181 1231 245 1274 esse
268 1214 361 1273 laetos
381 1215 411 1274 iu
433 1215 556 1276 Graecia
578 1214 767 1293 priusquam
790 1213 826 1274 ad
847 1214 927 1274 viros
948 1213 1147 1290 perveniatur,

180 1298 258 1376 quod
279 1301 386 1358 vbcent
408 1299 552 1359 annornm
575 1299 789 1366 aentonico,
818 1296 1022 1376 μελλέφηβον
1046 1304 1148 1358 autem

180 1396 243 1452 xv,
266 1382 334 1442 dein
350 1382 478 1443 sedecim
494 1379 635 1461 ἔφηβον,
657 1389 728 1443 tunc
743 1382 952 1461 septemdecim
974 1380 1145 1461 ἐξέφηβον.

146 1478 162 1528 9
179 1474 333 1545 praeterea
349 1465 440 1527 multa
456 1475 525 1528 suut
540 1466 577 1528 de
590 1467 636 1526 his
651 1465 886 1530 hebdomadibus
902 1485 977 1546 quae
988 1467 1096 1528 medici
1111 1484 1148 1528 ac
1169 1480 1201 1530 15
1255 1465 1256 1468 ’

180 1550 348 1630 philosophi
362 1550 444 1612 libris
460 1551 682 1620 mandaverunt,
698 1551 778 1612 unde
794 1558 924 1630 apparet,
940 1559 973 1613 ut
987 1554 1018 1612 in
1034 1549 1149 1612 morbis
1255 1561 1256 1596 ³

180 1637 242 1698 dies
263 1637 380 1716 septimi
400 1639 530 1714 suspecti
549 1642 618 1696 sunt
643 1643 672 1697 et
692 1637 829 1698 crisimoe
850 1635 1004 1705 dicuntur,
1031 1637 1069 1696 ita
1091 1653 1148 1714 per

180 1734 297 1782 ornnem
319 1722 405 1781 vitam
422 1722 580 1798 septimum
601 1737 750 1799 quemque
769 1737 879 1781 annum
896 1720 1096 1798 periculosum
1118 1727 1149 1781 et

130 1816 161 1866 10
179 1805 258 1866 velut
274 1805 416 1865 crisimon
438 1821 503 1864 esse
523 1811 552 1864 et
568 1803 800 1864 climactericum
817 1805 944 1865 vocitari.
980 1805 1032 1866 sed
1048 1822 1084 1865 ex
1099 1803 1147 1864 his

180 1887 357 1967 genethliaci
377 1887 449 1947 alios
467 1887 535 1948 aliis
556 1887 738 1948 dilliciliores
761 1905 826 1949 esse
848 1888 999 1959 dixerunt,
1027 1894 1056 1950 el
1071 1905 1145 1948 uon·
1165 1902 1198 1950 20

180 1971 253 2032 nulli
275 1990 326 2032 eos
340 1973 524 2050 potissimum
545 1989 619 2050 quos
638 1979 741 2032 ternae
763 1971 964 2034 hebdomades
986 1973 1147 2034 conficiunt

179 2063 284 2135 putant
311 2055 527 2128 observandoS,
558 2058 616 2116 hoc
643 2064 798 2117 estonum
828 2064 857 2117 et
877 2058 1085 2126 vicensimum,
1117 2063 1146 2117 et

180 2143 459 2221 quadragensimum
483 2123 683 2213 secufflffffiss
694 2141 761 2203 dein
787 2142 906 2202 tertium
926 2150 956 2202 et
975 2142 1144 2218 sexagensi-

179 2245 275 2297 mum,
291 2235 475 2306 poslrcmum
492 2228 725 2304 octogensimum
742 2234 771 2287 et
785 2232 937 2306 quartum,
959 2227 990 2287 in
1006 2244 1064 2305 quo
1080 2225 1145 2286 Sla-.

130 2322 161 2370 11
180 2329 245 2372 aeas
265 2313 425 2372 terminum
447 2312 522 2372 vitae
544 2311 651 2371 defixit.
688 2309 734 2370 alii
757 2316 854 2370 autern
870 2327 930 2370 nou
946 2312 1032 2388 pauci
1053 2328 1144 2372 unum
1162 2321 1196 2370 ab
1257 2381 1258 2388 ἵ

180 2399 312 2457 omnium
334 2395 538 2458 difficillimum
560 2393 727 2456 climactera
742 2394 951 2474 prodiderunt,
972 2413 1051 2456 ¹anno
1066 2394 1143 2456 scili-

248 2617 271 2666 1.
296 2627 420 2665 renatam
443 2617 468 2664 D
537 2629 619 2666 usses
643 2615 681 2676 D,
704 2613 777 2664 uires
797 2612 856 2663 dV
920 2617 944 2666 3.
970 2614 1099 2680 temptari
1121 2614 1145 2662 V

179 2683 204 2732 4.
232 2695 339 2731 ocreae
361 2683 386 2731 D
455 2682 484 2730 in
507 2695 562 2744 qua
586 2707 614 2718 —
638 2680 816 2746 languidiora
842 2697 890 2734 om.
917 2681 942 2730 V
1010 2685 1034 2732 7.
1064 2679 1143 2732 eubo-

179 2747 256 2800 mabe
274 2749 335 2798 DV
402 2751 426 2801 8.
446 2761 619 2799 antenorem
638 2750 663 2798 J)
718 2746 857 2810 τραγίζειν
874 2753 947 2813 culpo
1016 2751 1042 2801 9.
1060 2762 1142 2816 arqui·

179 2831 295 2867 nanneno
316 2815 340 2880 (r
352 2819 370 2868 d
381 2821 406 2866 in
418 2815 482 2878 rae)
501 2817 527 2865 I)
595 2818 635 2866 10.
654 2821 849 2881 inquiramos
862 2819 895 2880 D,
914 2815 1072 2882 irquitallos
1091 2816 1146 2866 dV

179 2900 266 2936 eneae
284 2886 309 2934 D
379 2887 419 2934 13.
438 2882 513 2934 παδα
530 2885 562 2944 Ι),
582 2882 655 2935 παδδ
677 2884 710 2948 V,
728 2882 814 2934 παιδα
831 2899 898 2934 corr.
915 2901 969 2936 rec.
988 2901 1020 2939 m.
1040 2887 1065 2934 tn
1088 2883 1114 2933 V

179 2952 408 3016 meunephoebou
432 2951 487 3000 DV
559 2955 600 3003 14.
628 2952 789 3018 aephoeeon
811 2953 848 3016 D,
882 2953 1026 3018 ephoebon
1053 2951 1082 3000 V

178 3018 327 3081 eieipotaon
346 3021 378 3076 D,
397 3018 528 3082 εξεφιυοη
546 3019 573 3068 V
638 3017 962 3071 15.eao0naoeaus1)V
992 3022 1068 3076 itt.
1088 3031 1144 3069 cnt-

179 3097 255 3136 simie
273 3087 309 3148 D,
332 3085 469 3136 crisimiae
492 3087 520 3136 V
590 3089 631 3138 to.
652 3083 885 3154 climactericum]
910 3090 971 3140 add.
994 3088 1022 3138 V
1035 3105 1065 3138 m.
1086 3090 1101 3137 1
1119 3087 1144 3135 in

177 3169 258 3272 ῗαῑζρ.
277 3153 407 3272 anuaci,
431 3171 461 3204 m.
480 3157 497 3204 2
514 3170 592 3272 εὖρον
613 3171 713 3274 qqreum
734 3155 885 3287 inceftfid'
913 3158 954 3207 20.
974 3170 1053 3287 Juque
1074 3168 1142 3206 auita

299 3235 503 3274 trutcmntones
648 3238 777 3274 .reanea
809 3239 821 3273 s
875 3239 971 3275 inrue.
1098 3238 1142 3272 ea·

178 3289 305 3342 domabas
323 3289 380 3341 DV
450 3292 491 3341 22.
511 3306 543 3341 oc
566 3292 591 3340 V
640 3290 802 3343 uicesimum
824 3289 853 3340 V
915 3293 958 3344 23.
977 3289 1144 3357 quebnsqtu·

179 3371 274 3409 simum
293 3360 332 3426 D,
353 3358 595 3426 quadragesimum
617 3359 644 3410 V
710 3369 915 3426 aexaqiasimntn
934 3359 971 3425 D,
1000 3360 1143 3424 sexagesi-

177 3440 250 3476 mum
272 3426 299 3477 V
364 3429 405 3480 at.
423 3443 496 3478 cxxx
513 3428 577 3478 DV
642 3442 710 3493 quo*
727 3430 752 3477 D
