2560 3958
105 273 108 283 Ι
165 214 208 259 x.
541 209 750 259 rusnrsmo.

165 347 307 412 editores
323 346 452 412 Graeca
474 345 622 427 admisit,
647 367 707 431 ego
723 368 821 432 porro
844 347 966 413 codicis
990 349 1133 432 vestigia

164 465 354 543 persecutus
377 478 419 520 ex
441 455 492 519 his
515 455 662 520 Graecae
686 457 865 542 scripturae
887 455 1033 542 reliquiis
1056 457 1130 542 plus

165 565 334 630 dimidiam
355 575 484 651 partem
506 566 541 628 in
562 565 698 630 Latinas
722 566 903 632 litterarum
932 565 1053 630 formas
1075 589 1133 632 rc-

165 676 257 740 duxi.

228 785 283 850 Ad
312 807 351 850 ea
373 807 456 872 quae
482 787 556 850 imis
580 787 709 870 paginis
740 786 783 851 ad
811 785 955 871 singulos
985 807 1132 872 quosque

164 895 252 961 locos
281 895 440 960 adnotavi
467 917 631 980 perpauca
660 895 712 960 hic
740 905 816 960 sunt
842 895 1004 960 addenda.
1049 895 1132 960 Cum

164 1004 349 1070 Urlichsius
363 1004 400 1067 in
414 1002 582 1068 annalium
597 1005 715 1092 quibus
731 1004 845 1070 titulus
868 1015 918 1070 est
932 1007 999 1070 Eos
1022 1003 1088 1071 vol.
1097 1003 1133 1068 II

167 1117 218 1200 (p.
241 1113 305 1178 456
325 1115 389 1200 ss.)
424 1113 598 1180 nonnullas
626 1117 734 1180 varias
763 1114 943 1201 scripturas
975 1137 992 1179 e
1020 1115 1132 1179 codice

164 1222 430 1289 Darmstadiensi
444 1223 645 1309 protulisset,
661 1234 776 1309 postea
790 1234 924 1310 rogatus
941 1225 982 1290 ab
998 1224 1131 1288 Halmio

165 1332 298 1397 cosdem
319 1331 408 1400 locos
432 1319 537 1399 denuo
560 1336 703 1420 inspexit
730 1357 833 1420 eaque
855 1356 938 1422 quae
961 1335 1133 1420 discrepa-

164 1451 237 1505 rent
259 1443 301 1509 ab
315 1442 440 1508 Halmii
463 1443 634 1508 collatione
649 1466 725 1508 cum
739 1445 800 1508 hoc
814 1467 873 1530 per
888 1443 1015 1510 litteras
1038 1467 1132 1510 com-

165 1554 355 1619 municavit.
405 1553 459 1616 Ex
485 1553 536 1617 his
568 1552 723 1619 subsidiis
754 1577 792 1619 ea
819 1576 902 1641 quae
930 1555 1133 1640 pertinerent

166 1663 208 1726 ad
231 1673 394 1728 extremas
416 1663 593 1746 fragmenti
615 1665 752 1749 paginas
774 1663 809 1726 in
832 1665 1033 1748 corrigendis
1056 1663 1133 1750 pla-

165 1771 251 1854 gulis
278 1771 434 1836 adhibere
457 1774 564 1857 potui3
598 1793 640 1834 ex
661 1773 783 1856 priore·
799 1782 907 1836 autem
929 1782 1039 1857 parte,
1068 1795 1132 1856 qua

165 1880 345 1944 Iahnianae
380 1879 532 1944 editionis
564 1881 705 1964 paginae
737 1881 861 1966 primae
898 1901 958 1943 sex
992 1879 1131 1945 collatae

166 1996 274 2070 erant,
296 1989 377 2052 haec
399 1989 627 2055 tantummodo
651 1989 693 2053 ad
716 1998 860 2056 nostram
883 1987 1130 2054 adnotationem

166 2097 320 2163 addenda
342 2107 431 2163 sunt:
455 2099 527 2184 p.3‚
542 2101 570 2162 1.
595 2098 699 2164 celato
714 2105 750 2179 D,
774 2101 847 2186 pt,
863 2101 893 2164 3.
918 2108 1133 2185 conparatum

165 2214 206 2285 B,
228 2209 259 2274 5.
281 2207 392 2298 beate]
422 2208 498 2273 unci
525 2220 637 2274 notam
667 2211 727 2275 sub
756 2219 942 2274 extremae
964 2208 1133 2273 addidisse

165 2316 297 2382 videtur
318 2339 435 2381 manus
458 2319 616 2400 secunda,
640 2341 670 2404 p.
688 2319 719 2401 ὃ,
735 2319 764 2383 6.
787 2319 1009 2408 institutique,
1035 2320 1083 2382 17.
1099 2326 1134 2381 rit

166 2433 193 2491 I)
217 2429 265 2513 (at
286 2427 374 2493 idem
394 2448 542 2506 acuamur
562 2429 678 2511 habet,
701 2439 739 2494 ut
761 2430 885 2494 editum
907 2439 966 2504 est,
990 2451 1055 2494 non
1074 2448 1133 2506 pe-

165 2538 301 2621 remur),
330 2537 382 2602 21.
408 2539 516 2623 inquis
540 2545 583 2609 D,
616 2538 731 2623 inquid
760 2541 794 2618 d,
816 2563 847 2624 p.
865 2541 900 2621 6,
918 2541 946 2603 1.
969 2537 1132 2626 prpterlss

167 2647 219 2711 dei
241 2651 283 2726 1),
311 2647 486 2733 pretereal
508 2645 559 2710 dei
583 2651 611 2708 d.
642 2682 685 2693 —
716 2645 762 2711 Ut
791 2645 916 2733 reliqua
943 2667 1132 2732 persequar,

165 2759 283 2821 itenrm
305 2762 400 2839 grata
422 2755 577 2819 memoria
599 2757 777 2840 repetenda
799 2765 849 2820 est
869 2755 986 2822 Caroli·
996 2754 1133 2847 Halmii,

166 2866 222 2950 qui
249 2887 322 2930 cum
350 2865 448 2929 etiam
477 2886 548 2928 eam
577 2887 709 2950 operam
745 2865 780 2928 in
807 2887 841 2930 se
870 2866 1070 2952 suscepisset
1097 2875 1134 2929 ut

165 2973 316 3060 plagulas
345 2975 434 3059 typis
464 2995 636 3060 expressas
664 2974 863 3061 perlegeret,
895 2975 1016 3041 multos
1045 2974 1132 3040 locos

166 3105 226 3147 sua
253 3081 441 3147 coniectura
468 3085 656 3149 correxerit.
702 3084 756 3149 Ex
779 3086 896 3172 quibus
926 3109 999 3151 cum
1021 3085 1133 3170 plera-

166 3214 228 3277 que
250 3191 317 3256 suis
333 3191 412 3258 locis
436 3193 578 3260 adscribi
593 3197 846 3281 potuerint‚'hic
867 3205 969 3261 restat
991 3205 1027 3261 ut
1043 3216 1136 3261 corn-

165 3313 361 3367 memoretur
393 3326 425 3390 p.
449 3304 526 3379 8,6
558 3309 727 3382 conformat
757 3316 790 3371 et
817 3329 848 3390 p.
871 3307 927 3388 35,
950 3305 988 3368 21
1025 3310 1058 3368 td
1083 3325 1135 3368 cor

167 3413 389 3498 (omissoque)
414 3415 529 3480 coniioi
546 3417 588 3482 ab
604 3414 752 3496 Halmio,
776 3424 846 3480 tum
868 3438 901 3501 p.
917 3415 968 3496 40,
987 3415 1003 3477 1
1028 3413 1135 3479 eidem
