2560 3958
186 161 226 223 12
435 174 484 220 nn
506 173 568 220 uin
588 162 720 221 nnuma
743 173 817 223 cue.
837 173 902 223 vn.

164 344 172 352 ·
187 311 382 391 Empedocles
397 313 513 374 videtur
528 313 671 374 sensisse:
694 331 762 373 nam
779 331 881 374 causas
897 311 1017 391 quidem
1039 331 1091 373 our
1109 313 1156 373 di-

185 399 335 459 videretur
350 416 410 458 non
425 399 532 477 posuit,
549 398 653 476 partiri
668 398 871 459 tantummodo
887 398 935 466 ait,
953 397 1021 458 etsi
1036 404 1156 458 utrum-

186 501 244 562 que
264 483 350 544 sedes
376 501 469 562 aeque
490 481 598 544 calidas
625 482 827 560 occupaverit,
858 488 1016 559 utrumque
1037 498 1156 542 marem

185 569 282 638 nasci,
304 568 330 628 si
345 567 465 646 frigidas
481 585 589 644 aeque,
612 574 767 644 utramque
783 566 935 636 feminam,
953 569 978 624 si
994 583 1063 626 vero
1079 563 1156 625 alte-

185 671 253 713 rum
270 651 450 721 calidiorem,
468 652 592 713 alterum
609 651 803 727 frigidiorem,
821 650 930 728 dispari
945 667 1017 712 sexu
1032 657 1154 728 parturn
1177 663 1195 710 5

186 737 329 798 fotinum.

154 827 172 887 t
253 822 395 900 Superest
417 820 516 881 dicere
536 821 573 880 de
588 819 773 898 temporibus
788 817 896 899 quibus
915 825 1017 897 partus
1039 815 1156 878 soleant

187 924 252 968 osse
273 905 310 966 ad
333 904 513 966 nascendum
533 906 654 972 maturi;
678 905 728 983 qui
749 903 831 965 locus
853 922 888 964 eo
909 902 981 962 mihi
1003 919 1075 962 cura
1090 899 1164 962 ma·'

187 993 251 1051 iore
266 989 438 1050 tractandus
460 996 519 1058 est,
542 988 621 1067 quod
637 988 780 1067 quaedam
797 1005 919 1048 necesse
940 992 985 1048 est
1000 986 1036 1046 de
1058 993 1154 1046 astro·

187 1075 264 1152 logia
279 1075 450 1153 musicaque
466 1081 495 1134 et
510 1072 693 1134 arithmetica
710 1075 864 1150 attingere.
1176 1083 1210 1132 10

154 1170 170 1218 2
251 1157 314 1218 Iam
330 1159 456 1237 primum
474 1164 563 1236 quoto
579 1164 646 1237 post
662 1157 885 1236 conceptionem
901 1173 1003 1216 menso
1024 1155 1155 1216 infantes

189 1243 235 1304 edi
255 1241 384 1312 soleant,
416 1242 590 1321 frequenter
611 1242 750 1318 agitatum
776 1241 854 1300 inter
881 1248 995 1301 veteres
1020 1238 1155 1300 nondum

189 1328 334 1388 convenit.
379 1326 497 1404 Hippou
518 1325 736 1403 Metapontinos
762 1342 778 1384 a
799 1324 925 1402 septimo
946 1325 983 1384 ad
1005 1322 1153 1384 decimum

189 1428 321 1473 mensem
336 1411 418 1471 nasci
432 1427 519 1488 posse
535 1410 706 1470 aestimavit.
738 1426 806 1469 nam
821 1410 946 1486 septimo
961 1415 1078 1486 parturn
1094 1410 1156 1467 iam

189 1513 254 1556 esse
269 1503 418 1558 maturum
441 1512 477 1554 eo
492 1494 571 1571 qnod
592 1495 623 1555 iu
647 1492 785 1554 omnibus
805 1509 947 1553 numerus
969 1493 1155 1570 septenarius
1175 1503 1206 1552 15

175 1579 349 1660 ,plurimum
369 1581 476 1658 possit,
507 1580 650 1657 siquidem
674 1585 787 1657 septem
808 1577 972 1639 formemur
991 1576 1154 1648 mensibus,

189 1665 355 1742 additisque
386 1663 485 1726 alteris
513 1666 587 1725 recti
617 1665 779 1725 consistere
807 1663 998 1740 incipiamus,
1030 1667 1059 1721 et
1087 1669 1156 1738 post

189 1752 345 1830 septimum
373 1765 508 1808 mensem
535 1747 640 1808 dentes
666 1746 752 1807 nobis
779 1747 984 1816 innascantur,
1014 1746 1155 1824 idemque

90 1829 92 1832 ’
189 1841 258 1912 post
277 1834 434 1912 septimum
455 1831 561 1892 cadant
582 1848 706 1900 annum,
734 1836 839 1908 quarto
855 1830 970 1891 decimo
985 1837 1084 1892 autem
1099 1849 1154 1909 pu·

155 1927 171 1974 3
189 1916 313 1976 bescere
328 1915 484 1975 soleamus.
516 1914 569 1976 sed
584 1914 661 1975 hanc
677 1933 693 1975 a
709 1921 822 1994 septem
839 1914 991 1976 mensibus
1012 1915 1153 1993 incipicn-
1173 1927 1206 1974 20

190 2007 248 2060 tem
269 2001 466 2060 maturitatem
490 1998 640 2077 usquead
662 1999 765 2060 decem
787 1999 959 2077 perductam
985 2000 1053 2061 ideo
1074 1998 1154 2076 quod

188 2087 219 2144 in
235 2081 299 2145 aliis
314 2082 453 2145 omnibus
468 2083 542 2144 haec
558 2082 660 2144 eadem
676 2090 781 2144 natura
798 2093 850 2154 ost,
868 2091 901 2144 ut
915 2090 1028 2162 septem
1044 2083 1154 2144 mensi·

190 2168 245 2229 bus
261 2169 381 2229 annisve
397 2175 456 2229 tres
472 2176 522 2229 aut
537 2186 653 2229 menses
669 2174 719 2228 ant
734 2169 802 2228 anni
818 2169 853 2230 ad
870 2169 1153 2228 consummationem

155 2263 172 2310 4
191 2253 346 2314 accedant:
376 2270 443 2312 nam
472 2250 575 2312 dentes
596 2260 709 2328 septem
730 2269 867 2314 mensum
892 2251 997 2312 infanti
1017 2253 1098 2313 nasci
1125 2259 1154 2312 et

190 2338 316 2397 maxime
336 2335 451 2396 decimo
467 2336 570 2414 perfici
585 2354 702 2405 meuse,
726 2337 852 2414 septimo
873 2353 950 2396 anno
970 2339 1084 2416 primos
1104 2354 1152 2396 eo·
1172 2347 1204 2395 25

189 2439 255 2483 rum
277 2420 428 2491 excidere,
460 2419 575 2481 decimo
596 2420 728 2490 ultimos,
759 2426 825 2497 post
849 2427 985 2500 quartum
1008 2421 1152 2482 decimum

189 2523 299 2566 annum
326 2503 498 2574 nonnullos,
527 2504 579 2566 sed
600 2522 702 2565 omnes
729 2504 806 2564 intra
829 2506 986 2583 septimum
1007 2505 1151 2566 decimum

190 2606 301 2648 anunm
322 2589 496 2664 pubescere.
535 2589 604 2647 huic
624 2589 756 2666 opinioni
783 2591 814 2648 in
837 2597 921 2667 parte
943 2589 1038 2668 aliqua
1063 2605 1151 2666 repu-

157 2678 282 2750 ngnant
307 2670 370 2739 alii,
400 2675 431 2730 in
458 2678 541 2749 parte
567 2672 764 2732 consentiunt.
811 2689 878 2732 nam
905 2674 1030 2752 septimo
1051 2690 1152 2734 mense

190 2839 391 2849 ——-—-—-·

258 2943 282 2990 1.
306 2940 471 3004 enpedocles
493 2941 521 2988 V
585 2942 608 2991 2.
626 2941 726 3005 partiri
742 2941 847 2998 labans,
865 2952 973 3005 pannum
991 2942 1055 3001 DV,
1074 2939 1155 3006 periti

193 3003 232 3054 V²
254 3009 280 3054 ia
302 3022 381 3070 rnarp.
451 3009 474 3056 6.
494 3007 695 3070 postfuturum
712 3009 768 3057 DV
788 3011 848 3060 odd.
871 3007 903 3058 be
927 3021 1151 3060 conrtnmartono

189 3118 286 3157 aurem
298 3121 405 3170 pannus
417 3076 601 3157 ntnrn⁰mim²³
620 3073 650 3139 (d
662 3075 707 3173 V),
728 3125 792 3175 qnae
807 3113 939 3173 pertinent
958 3112 994 3160 ad
1010 3125 1068 3174 cap.
1082 3114 1108 3173 5,
1121 3114 1151 3166 5,-

189 3179 239 3222 tnm
260 3181 400 3240 sequnntur
422 3190 457 3224 ear
478 3177 638 3238 cap.14‚7
665 3179 695 3226 in
717 3178 806 3242 prima
829 3176 1000 3228 hebdomade
1022 3192 1100 3242 acque
1118 3179 1153 3226 od

189 3255 247 3304 cap.
266 3243 336 3303 17‚9
353 3245 436 3292 nocte
454 3242 630 3306 frequentem
654 3247 762 3311 denique
779 3247 849 3296 redit
865 3249 997 3308 scriptura
1015 3247 1051 3294 od
1067 3249 1151 3308 capi
1252 3273 1253 3304 3

188 3309 244 3358 init.
269 3311 395 3374 superest
418 3308 512 3360 dicere
531 3315 580 3360 cet.
652 3313 691 3362 10.
722 3313 867 3376 adtingere
896 3312 924 3361 V
989 3312 1029 3361 11.
1054 3325 1151 3361 conce·
1252 3307 1253 3358 i

188 3390 288 3440 perone
311 3377 336 3425 D
406 3378 447 3431 13.
470 3377 580 3442 hyppon
607 3377 635 3426 V
699 3381 740 3430 20.
763 3379 836 3430 hunc
859 3380 883 3428 D
952 3380 995 3432 24.
1012 3393 1150 3430 mensuum

189 3445 215 3506 d,
233 3444 368 3494 mensium
390 3444 416 3493 V
482 3445 524 3498 25.
542 3457 648 3510 patmus
666 3447 691 3496 D
760 3449 802 3496 26.
822 3458 948 3497 unrtmns
966 3446 990 3494 D

1252 3785 1253 3820 t

1252 3825 1253 3850 i

135 3553 187 3568 Α
