2560 3958
366 237 414 284 ne
437 235 499 282 om
520 235 651 284 raram
673 237 750 286 car.
764 239 865 286 xxrn.
1038 223 1081 290 49

109 374 304 438 Februarium
327 381 428 451 postea
455 374 573 452 quidem
595 374 725 446 additos,
754 376 805 438 sed
829 375 1001 438 nominibus
1021 378 1080 438 iam
1132 359 1145 380 ⁰

111 479 148 520 ex
168 460 250 520 Latio
271 460 412 538 sumptim
435 467 465 520 et
485 459 653 520 Ianuarium
676 459 713 520 ab
732 460 821 530 lano,
843 463 891 522 cui
913 461 1080 523 adtributus

111 551 165 611 est,
181 562 292 606 nomen
307 544 446 612 traxisse,
473 542 670 606 Februarium
685 561 702 604 a
718 543 833 606 februo.
880 553 925 608 est
940 545 1079 608 februum
1100 556 1132 606 14

111 628 256 706 quidquid
284 629 346 707 piat
375 635 554 706 purgetque,
586 636 616 690 et
645 627 849 690 februementa
876 637 1078 709 purgamenta,

74 714 180 775 sitem
203 712 342 774 februare
362 729 491 790 purgare
506 720 536 774 et
550 730 658 792 purum
675 712 783 774 facere.
821 712 960 774 februum
980 724 1080 776 autem

110 815 171 858 uon
193 797 272 858 idem
293 815 503 875 usquequaque
521 798 643 860 dicitur:
668 814 736 859 nam
752 796 837 858 aliter
856 800 888 858 in
910 796 974 858 aliis
988 801 1080 860 sacris

111 880 282 951 febrnatur,
304 881 362 942 boc
383 888 428 942 est
448 890 601 960 purgatur.
646 883 677 944 in
697 881 756 944 hoc
777 888 875 944 autem
898 901 1002 944 mense
1022 883 1079 944 Lu·
1100 892 1132 941 15
1156 945 1196 972 Μ

110 965 295 1044 pennalibus,
313 943 498 1026 ffloma
521 965 678 1035 lustratur,
706 965 799 1028 salem
822 965 948 1028 calidum
969 967 1079 1039 ferunt,

111 1050 190 1128 quod
206 1049 345 1112 februum
360 1049 525 1129 appeliant,
550 1051 630 1112 unde
652 1052 714 1113 dies
728 1050 936 1129 Lupercalium
957 1053 1080 1131 proprie

59 1148 93 1198 10
111 1133 264 1196 februatus
290 1143 319 1196 et
345 1133 442 1195 abeo
467 1152 559 1213 porro
585 1136 694 1196 mensis
719 1135 900 1198 Februarius
925 1139 1079 1198 vocitatur.

112 1237 147 1280 ex
168 1219 215 1280 bis
230 1219 386 1280 duodecim
401 1218 556 1281 mensibus
571 1219 699 1280 duorum
714 1227 828 1282 tantum
845 1222 964 1282 nomina
985 1222 1079 1280 inmu-
1100 1229 1132 1278 lo

111 1310 180 1364 tata.
217 1321 287 1364 nem
303 1301 439 1374 Quintilis
454 1301 546 1364 lulius
561 1305 785 1382 cognominatus
807 1314 852 1366 est
868 1304 898 1366 C.
917 1305 1042 1386 fpesare
1058 1317 1080 1364 v

112 1397 142 1448 et
162 1387 201 1448 lli.
225 1388 351 1449 Antonio
375 1405 456 1448 cons.
485 1406 563 1450 enno
590 1387 705 1450 luliano
729 1389 875 1450 secundo:
907 1389 956 1469 qui
981 1395 1081 1450 autem

112 1470 230 1532 Sextilis
249 1472 360 1540 fuerat,
383 1490 419 1534 ex
442 1472 495 1534 SC.
511 1473 622 1534 Marcio
643 1473 804 1534 Censorino
826 1473 857 1534 C.
873 1475 975 1536 Asinio
996 1471 1080 1536 Gallo

61 1569 94 1618 15
113 1574 195 1616 cous.
216 1557 246 1616 in
262 1557 385 1634 Augusti
404 1555 550 1618 bonorem
573 1556 669 1619 dictus
688 1563 733 1617 est
753 1558 901 1636 Augustus
922 1575 1000 1618 anno
1023 1560 1081 1619 An·

112 1642 191 1718 gusti
210 1640 383 1700 vicensimo.
418 1659 494 1720 quae
515 1642 636 1702 nomina
657 1642 839 1702 etiamnunc
861 1639 897 1701 ad
914 1639 991 1701 banc
1011 1659 1081 1719 per·

111 1730 233 1784 manent
253 1723 436 1786 memoriam.
476 1733 578 1803 postea
599 1743 670 1786 vero
692 1722 777 1785 multi
797 1725 947 1803 principes
962 1726 1082 1808 nomina
1101 1734 1133 1782 1⁷

112 1807 257 1886 quaedam
278 1809 423 1870 mensium
445 1808 663 1870 inmutaverunt
685 1811 747 1870 suis
768 1809 966 1887 nuncupando
987 1810 1082 1870 uomi-

112 1892 213 1961 nibus;
242 1892 321 1969 quod
342 1900 391 1955 aut
417 1895 475 1971 ipsi
496 1894 684 1972 postmodum
706 1901 909 1966 mutaverunt,
940 1901 991 1956 aut
1015 1901 1084 1972 post

60 1989 95 2038 20
113 1975 225 2039 obitum
246 1995 348 2038 eorum
363 1976 411 2038 illa
427 1981 547 2040 nomina
564 1980 688 2057 pristina
708 1979 770 2040 suis
783 1977 906 2064 reddita
917 1971 1081 2040 mensibus.

176 2061 319 2139 Superest
332 2079 425 2138 pauca
442 2063 479 2124 de
494 2063 542 2124 die
557 2063 672 2131 dicere,
700 2065 764 2142 qui,
792 2072 824 2124 ut
838 2063 950 2126 mensis
964 2072 1015 2126 aut
1030 2082 1081 2124 an·
1094 2064 1133 2126 23

113 2162 185 2214 nus,
208 2145 316 2224 partim
338 2145 480 2208 naturalis
494 2149 602 2224 partim
624 2146 715 2207 civilis
731 2156 784 2206 est
828 2147 1004 2209 naturaliter
1018 2147 1116 2208 disse

114 2237 158 2292 est
173 2237 289 2309 tempus
305 2229 341 2290 ab
358 2232 509 2293 exoriente
524 2229 587 2291 sole
601 2229 637 2291 ad
654 2229 724 2292 solis
739 2247 894 2299 occasum,
911 2232 995 2292 ouius
1011 2248 1082 2290 con·

113 2315 238 2376 trarium
253 2321 371 2392 tempus
386 2322 431 2376 est
445 2333 505 2376 nox
520 2313 557 2376 ab
573 2333 681 2376 occasu
696 2312 767 2376 solis
781 2314 819 2376 ad
833 2323 980 2376 exortum.
1011 2315 1082 2374 civi·

61 2410 96 2461 25
114 2398 182 2460 liter
197 2405 294 2460 autem
311 2399 374 2460 dies
389 2407 509 2462 vocatur
523 2408 641 2478 tempus
652 2400 733 2479 quod
744 2399 777 2460 m
791 2415 849 2460 uno
865 2397 939 2460 caeli
954 2400 1082 2460 circum-

114 2491 196 2552 actu,
219 2501 278 2562 quo
301 2483 365 2544 dies
379 2501 467 2544 verus
487 2490 517 2544 et
532 2501 591 2544 nox
607 2485 790 2554 continetur,
812 2489 846 2544 ut
866 2501 934 2545 cum
955 2484 1083 2544 dicimus

113 2566 241 2646 aliquem
258 2568 321 2628 dies
336 2581 411 2628 xxx
427 2575 540 2628 tantum
557 2568 677 2630 vixisse:
699 2566 879 2646 relinquitur
900 2568 978 2629 enim
995 2568 1083 2628 eliam

114 2660 217 2714 noctes
238 2649 421 2732 intellegere.
456 2652 639 2714 huiusmodi
656 2653 718 2716 dies
739 2652 776 2713 ab
797 2652 954 2731 astrologis
969 2661 999 2714 et
1014 2652 1083 2713 civi·
1101 2661 1117 2710 3

1197 951 1238 970 ub

183 2892 207 2942 3.
234 2901 349 2939 rebeum
372 2891 430 2939 DV
493 2890 518 2940 4.
547 2888 677 2955 quicquid
709 2888 737 2936 V
801 2902 863 2952 pter
888 2888 925 2945 D,
954 2903 988 2937 ex
1010 2887 1084 2936 initio

113 2971 245 3022 superscr.
269 2958 298 3018 d,
323 2958 419 3021 expiet
440 2957 465 3006 V
484 2959 556 3022 culpo
625 2957 651 3008 5.
673 2967 791 3006 renisum
810 2955 876 3016 DV,
899 2956 957 3004 item
978 2960 1085 3020 uterque

114 3041 150 3076 ns.
168 3026 184 3073 9
254 3025 295 3078 12,
320 3036 381 3074 nem
400 3037 553 3088 quesumus
572 3025 626 3075 DV
695 3025 735 3076 13.
760 3037 792 3072 er
816 3035 962 3072 meuruuto
980 3022 1038 3071 DV

116 3093 174 3143 co's'·
195 3092 227 3153 D,
248 3090 320 3142 coni·
343 3092 375 3154 V,
393 3093 452 3142 item
468 3098 575 3158 uterque
592 3095 675 3144 os.15
745 3091 786 3140 14.
804 3081 863 3140 effi·
882 3101 980 3141 manco
997 3089 1054 3138 DV

116 3158 147 3210 (l.
158 3155 267 3226 Asinio]
282 3172 389 3209 oaslmo
402 3158 459 3208 DV
520 3162 561 3216 15.
574 3159 703 3226 augustio
715 3157 868 3210 uinceaimo
885 3157 911 3207 V
971 3159 1013 3210 20.
1024 3162 1085 3222 poet

116 3227 255 3278 mensibus
277 3229 349 3292 culpo
372 3227 433 3276 odd.
458 3231 521 3276 aunt
589 3230 631 3278 22.
650 3241 821 3280 neronem*
840 3223 946 3291 (rasura
964 3230 1085 3291 quattuor

116 3297 254 3362 quinqueve
276 3293 342 3358 litt.)
368 3295 407 3352 D,
431 3292 573 3344 naturales
596 3295 627 3356 d,
652 3295 790 3347 naturalia
812 3295 840 3345 V
858 3297 930 3359 culpo
1000 3294 1043 3342 23.
1068 3307 1085 3340 s

117 3377 192 3412 sones
211 3363 235 3412 D
304 3364 347 3412 24.
370 3365 413 3412 est
430 3365 538 3426 tempus
560 3361 585 3411 V
653 3361 746 3414 civilis
762 3365 835 3429 culpo
904 3361 946 3411 26.
965 3369 1086 3410 cineum-

117 3442 214 3482 ecrum
233 3428 303 3494 quob
320 3431 346 3480 J)
415 3431 456 3480 27.
474 3425 541 3496 xxx]
561 3433 738 3496 temperem.
757 3433 819 3482 m.2
838 3430 865 3480 in
887 3429 913 3478 V

167 3530 352 3568 censonruus.
861 3509 884 3573 4
