2560 3958
362 229 409 276 na
432 229 494 277 orn
515 229 648 278 noram
670 231 744 280 oss.
759 233 810 281 111.
1048 219 1070 285 5

104 370 177 430 sime
203 369 292 430 facias
319 376 442 447 exopto,
474 377 517 442 et,
549 371 628 448 quod
654 371 732 434 idem
760 373 924 451 subiungit,
956 373 1069 436 luude

103 471 242 514 rnerum
266 455 385 531 genio.
1013 471 1048 527 s

166 537 222 598 llic
244 538 368 599 forsitan
390 539 454 616 quis
476 546 613 617 quaerat,
635 541 704 619 quid
721 559 827 602 causae
848 543 886 602 sit
905 549 938 603 ut
952 551 1103 602 merumu

102 621 288 683 fundendum
309 623 409 700 genio,
430 641 490 684 non
506 623 600 686 lrostia
621 624 788 686 laciendum
804 627 958 701 putaverit.
989 627 1069 704 quod

66 715 84 764 5
103 705 232 776 seilicet,
255 709 393 768 ut'Varro
416 713 538 768 testatur
559 710 589 768 in
611 727 645 769 eo
660 707 737 769 libro
753 710 800 770 oui
816 709 918 770 titulus
938 716 981 770 est
995 711 1068 771 Atti·

104 807 157 852 ous
173 797 202 853 et
217 798 261 852 est
275 791 312 852 do
327 793 468 862 numeris,
485 792 515 852 id
530 793 621 852 moris
636 794 817 872 institutique
833 795 960 854 maiores
975 797 1068 853 nostri

103 882 280 946 tenuerunt,
300 883 347 944 ut,
371 895 439 937 oum
455 876 502 937 die
517 877 606 937 natali
622 895 729 938 munus
750 878 855 939 annale
870 879 957 955 genio
973 877 1067 938 solve-

101 967 184 1026 rent,
216 977 335 1021 manum
358 980 374 1021 a
397 960 487 1021 caede
513 979 549 1021 ac
570 962 712 1036 sauguine
733 961 930 1030 abstinerent,
961 979 1000 1023 ne
1021 962 1068 1022 die

105 1061 162 1122 qua
186 1045 246 1122 ipsi
267 1044 365 1106 lucem
386 1047 571 1124 accepissent
592 1043 640 1105 alii
662 1046 822 1106 demerent.
865 1046 991 1124 donique
1006 1045 1068 1106 Deli
1086 1049 1102 1098 3

49 1137 85 1186 10
107 1128 144 1188 ad
158 1127 302 1206 Apollinis
317 1130 460 1206 genitoris
476 1147 571 1198 aram,
589 1135 621 1190 ut
637 1129 774 1190 Timaeus
789 1137 892 1190 auctor
907 1137 963 1198 est,
980 1145 1069 1190 nemo

106 1209 233 1272 hostiam
251 1213 355 1274 caedit.
379 1213 451 1273 illud
468 1214 555 1274 etiam
571 1213 602 1272 in
613 1213 670 1273 hoo
687 1213 733 1274 die
749 1213 973 1283 observandum,
990 1214 1069 1290 quod

103 1295 190 1372 genio
217 1296 327 1357 lactum
348 1299 497 1359 neminem
524 1303 642 1376 oportet
664 1305 730 1358 ante
751 1307 869 1378 gustare
891 1315 976 1375 quam
999 1316 1067 1358 eurn

102 1381 154 1456 qui
168 1381 281 1440 lecerit.

168 1463 226 1527 Sed
250 1473 279 1527 et
293 1467 351 1527 hoo
373 1467 581 1546 aquibusdam
603 1486 691 1546 saepe
712 1469 875 1547 quaesitum
897 1465 1067 1527 solvendum

49 1557 82 1606 15
101 1550 232 1620 videtur,
255 1552 305 1630 qui
321 1552 358 1611 sit
373 1553 493 1628 genius,
522 1570 611 1612 curve
627 1553 692 1611 dnm
709 1553 894 1628 potissimum
914 1567 967 1610 suo
989 1552 1067 1628 quis-

102 1652 160 1713 que
176 1634 265 1695 natali
279 1652 466 1696 veneremur·
497 1636 600 1711 genius
616 1641 660 1692 est
675 1632 763 1708 deus,
782 1635 865 1694 ouius
880 1636 910 1692 in
926 1632 1017 1710 tutela
1032 1639 1066 1692 ut
1083 1639 1102 1698 3

103 1719 228 1797 quisque
249 1725 334 1778 natus
356 1725 400 1779 est
420 1718 496 1777 vivit.
527 1717 576 1776 hio
592 1717 652 1777 sive
668 1716 747 1794 quod
767 1723 799 1777 ut
814 1734 956 1794 genamur
973 1723 1066 1783 curat,

102 1803 164 1862 sive
192 1801 270 1882 quod
292 1820 350 1863 una
372 1802 488 1880 genitur
509 1799 680 1868 uobiscum,
712 1801 772 1861 sive
798 1802 886 1861 etiam
907 1799 987 1877 quod
1009 1817 1068 1860 nos

102 1888 218 1963 genitos
233 1889 355 1966 suscipit
370 1904 404 1947 ao
420 1893 546 1970 tutatur,
569 1891 650 1946 certe
666 1902 681 1944 a
697 1885 832 1964 genendo
848 1885 950 1964 genius
966 1883 1066 1962 appel·

49 1977 83 2028 20
102 1970 190 2032 latur.
222 1972 349 2032 eundem
372 1989 436 2032 esse
458 1973 578 2048 genium
599 1977 629 2031 et
650 1969 742 2030 larem
764 1968 848 2029 multi
867 1977 982 2030 veteres
1002 1977 1098 2028 mea

103 2057 215 2116 moriae
241 2054 449 2134 prodiderunt,
480 2058 510 2114 iu
539 2056 604 2134 quis
629 2055 715 2115 etiam
738 2055 865 2116 Granius
887 2053 1011 2114 Flaccus
1036 2054 1067 2110 in

101 2139 180 2200 libro
196 2157 285 2218 quern
306 2139 341 2200 ad
358 2137 512 2199 Gaesarem
535 2138 571 2198 de
590 2137 821 2214 indigitamentis
842 2139 983 2215 scriptum
998 2134 1067 2195 reli-

8 2241 10 2276 :
104 2225 175 2302 quit.
212 2223 293 2284 huno
312 2225 344 2283 in
360 2241 414 2283 nos
429 2223 602 2290 maximam,
624 2223 696 2298 quin
716 2223 806 2280 immo
822 2237 942 2280 omnem
957 2217 1068 2278 habere

8 2335 10 2370 μ
103 2315 280 2388 potestatem
307 2307 451 2368 creditum
473 2315 528 2368 est.
572 2304 709 2366 nonnulli
732 2303 818 2365 binos
845 2304 948 2380 genios
972 2302 1002 2361 in
1022 2301 1102 2362 hiso

8 2443 9 2446 ,
49 2397 84 2446 25
105 2392 256 2454 dumtaxat
277 2391 413 2452 domibus
434 2409 510 2470 quae
531 2395 629 2451 essent
643 2391 767 2449 maritae
788 2387 929 2448 colendos
949 2393 1068 2462 putaue-
1170 2405 1173 2415 ’

102 2484 189 2536 runt:
206 2474 343 2535 Euclides
355 2481 454 2534 autem
461 2475 630 2534 Socraticus
642 2471 789 2550 duplicem
799 2470 937 2532 omnibus
948 2470 1068 2529 omuino

103 2559 190 2621 nohis
211 2557 329 2636 genium
346 2558 417 2618 dicit
431 2557 612 2636 adpositum,
635 2553 724 2635 quam
743 2574 809 2616 rem
830 2554 908 2634 apud
923 2550 1069 2613 Lucilium

102 2647 134 2704 in
167 2643 245 2704 libro
272 2643 428 2704 satirarum
456 2655 518 2704 xvt
543 2639 611 2701 lieet
638 2657 828 2716 cognoscere.
874 2637 960 2718 genio
980 2633 1069 2714 igitur

102 2729 287 2807 potissimum
307 2743 362 2804 per
384 2743 502 2786 omnem
524 2732 648 2787 aetatem
671 2724 828 2804 quotannis
850 2721 1067 2788 sacrificamus;

173 2963 202 3012 5:
216 2975 265 3011 esu
283 2966 361 3010 extro
378 2976 475 3011 uersum
493 2958 626 3024 (incertum
644 2975 677 3008 cn
696 2974 712 3008 o
728 2974 759 3011 ru.
777 2956 804 3020 2)
823 2958 848 3005 D
918 2957 946 3004 6.
969 2958 997 3004 ot
1015 2950 1069 3018 est]

105 3034 133 3080 et
149 3029 224 3098 intuto
242 3030 307 3080 cont.
326 3028 478 3078 Ritsolretius
495 3033 521 3077 in
532 3028 624 3076 Indice
640 3027 719 3079 sedet.
737 3025 835 3075 hibern.
858 3040 883 3073 a.
902 3019 999 3083 1845l6
1015 3022 1071 3085 pt

106 3094 150 3160 (un
166 3109 226 3146 vero
247 3095 400 3146 Censorinus
416 3097 520 3158 scripsit
539 3095 585 3144 cui
601 3091 700 3143 titulus
716 3083 826 3142 Atticus
844 3095 887 3141 est
905 3089 938 3140 de
956 3087 1036 3152 cett)

103 3159 239 3230 numeris]
259 3163 417 3214 muneribus
434 3163 578 3218 Manutius,
596 3161 691 3225 probat
708 3160 859 3211 Rttsolrelius
877 3162 893 3210 l.
913 3174 935 3208 o.
950 3173 979 3220 p,
999 3160 1015 3206 5

106 3232 333 3282 1o.r1mousDV
400 3231 439 3279 11.
458 3229 584 3279 rcnuuD
654 3231 694 3279 l'l.
714 3226 879 3292 quotu-nl)
948 3226 988 3276 19.
1009 3235 1072 3272 sus-

106 3313 184 3363 cepto
201 3300 264 3361 DV,
288 3314 357 3350 corr.
376 3297 469 3347 Carrio
539 3310 667 3346 suenrus
684 3297 749 3354 DV,
773 3309 842 3346 corr.
862 3293 960 3342 Iolrnus
1028 3289 1071 3338 21.

8 3405 9 3412 ,
106 3366 238 3430 qmaDV,
258 3365 357 3430 quidd
424 3365 610 3430 psautusDV
675 3358 892 3426 22.aemqutoD
961 3357 1003 3406 25.
1022 3367 1072 3418 po·

107 3447 251 3484 rauenunu
269 3434 294 3481 D
364 3434 405 3486 27.
426 3447 495 3498 qua*
513 3443 562 3481 aa*
581 3427 672 3496 (quern
690 3442 750 3480 nem
769 3434 828 3480 onte
846 3423 972 3485 rasurum)
991 3423 1016 3470 D

105 3503 147 3552 28.
167 3513 336 3551 seuuaasum
353 3500 411 3551 DV
476 3501 518 3554 29.
537 3512 608 3564 quor
626 3511 707 3549 anuto
725 3498 750 3547 li
