2560 3958
360 163 409 211 nu
431 161 646 212 ursmarum
670 161 744 212 cnr.
762 164 837 214 mn.
1040 149 1083 216 23

116 319 232 381 quaque
253 301 404 364 altitudine
425 304 463 363 ita
486 304 663 374 concordes,
686 312 719 365 ut
740 302 939 366 dulcissimam
963 303 1081 381 quidem

116 390 273 448 concinant
292 385 453 455 melodian,
477 387 529 448 sod
544 387 631 448 nobis
653 386 843 450 inaudibilem
864 395 987 468 propter
1002 390 1083 450 vocis

115 471 362 548 magnitudinem,
385 489 471 550 quam
487 489 593 548 capere
608 473 723 533 aurium
740 479 909 533 nostrarum
930 474 1082 550 angustiae

114 572 175 616 uon
190 557 312 632 possint.
342 573 410 616 nam
425 563 458 616 ut
472 557 683 618 Eratosthenes
698 558 875 634 geometrica
891 559 1005 618 ratione
1020 557 1081 618 eol·
1099 571 1116 619 2

76 648 94 700 5
113 638 185 718 legit
199 641 358 700 maximum
375 648 472 700 terrae
488 643 643 702 circuitum
660 659 725 703 esse
740 640 903 702 stadiorum
919 641 1081 702 ducentum

114 725 325 804 quinquaginta
351 727 443 786 duum
470 724 597 796 milium,
628 727 666 786 ita
687 725 869 804 Pythagoras
892 731 964 802 quot
990 727 1081 787 stadia

113 809 194 868 inter
213 816 322 869 terram
344 819 373 871 et
395 808 524 886 singulas
539 808 638 872 stellas
659 819 758 872 essent
772 810 918 872 indicavit.
952 808 1081 870 'stadium

113 899 213 953 autem
233 895 264 954 in
284 893 341 954 hac
360 893 462 954 mundi
483 911 623 955 mensura
650 895 678 977 id
700 894 886 973 potissimum
907 892 1081 972 intellegen-

112 976 184 1037 dum
201 977 337 1056 estquod
354 976 486 1057 italicum
502 987 617 1048 vocant,
634 979 743 1057 pedum
759 985 963 1040 sescentorum
978 978 1080 1056 viginti

59 1073 94 1124 10
113 1062 256 1138 quinque:
280 1079 348 1123 nam
372 1069 442 1122 sunt
462 1070 616 1140 practerea
638 1062 742 1124 etalio
763 1061 946 1140 longitudine
968 1063 1079 1123 discre-

113 1147 228 1221 pantia,
250 1154 284 1206 ut
299 1145 503 1225 Olympicum,
525 1147 604 1226 quod
620 1153 664 1208 est
678 1147 786 1224 pedum
802 1155 987 1216 sescentum,
1009 1148 1080 1207 item

112 1229 266 1308 Pythicum
282 1231 392 1308 pedum
407 1244 443 1291 m.
472 1232 562 1309 igitur
578 1231 614 1292 ab
629 1238 709 1292 terra
731 1232 766 1291 ad
781 1229 881 1292 lunam
898 1230 1080 1310 Pythagoras
1098 1247 1115 1294 3

111 1316 225 1390 putavit
250 1332 314 1376 esse
336 1313 497 1376 stadiorum
520 1315 638 1376 circiter
657 1322 775 1376 eentum
796 1315 897 1392 viginti
917 1333 969 1376 sex
989 1314 1079 1385 milia,

111 1396 202 1476 idque
228 1415 292 1460 esse
318 1402 381 1459 toni
409 1398 609 1468 intervallum;
638 1419 654 1460 a
675 1399 745 1461 luna
766 1407 866 1462 autem
893 1399 1081 1462 ad.Mercuri

60 1496 93 1546 15
112 1480 243 1551 stellam,
258 1501 334 1562 quae
349 1483 458 1544 stilbon
472 1492 609 1554 vocatur,
627 1483 779 1545 dimidium
796 1485 874 1553 eins,
891 1482 971 1544 velut
985 1483 1081 1546 hemi·

112 1568 228 1635 toninn;
250 1567 320 1628 hinc
336 1568 373 1629 ad
388 1567 596 1646 phosphoron,
612 1586 688 1645 quae
704 1573 748 1627 est
762 1567 886 1629 Veneris
901 1566 1000 1638 stella,
1017 1569 1080 1628 lere

110 1650 301 1720 tantundem,
322 1651 381 1711 hoe
396 1658 440 1712 est
459 1649 538 1711 aliud
559 1651 758 1718 hemitonium
780 1650 852 1710 inde
867 1668 958 1729 porro
980 1651 1016 1710 ad
1033 1668 1080 1710 so·
1242 1685 1248 1694 -

111 1733 171 1794 lem
193 1742 238 1794 ter
258 1714 496 1814 tantffiasi
516 1741 621 1796 tonum
643 1741 672 1795 et
692 1734 853 1795 dimidium.
895 1734 995 1813 itaque
1010 1732 1080 1796 solis
1098 1748 1116 1796 4

112 1802 350 1880 ascuffi‘ihesse
371 1838 387 1880 a
408 1827 488 1880 terra
504 1827 590 1881 tonos
604 1827 666 1880 tres
689 1827 718 1880 et
732 1819 902 1888 dimidium,
934 1818 1013 1896 qnod
1030 1837 1080 1879 ro-

59 1917 94 1966 20
112 1910 196 1964 eatur
218 1903 264 1964 dia
285 1912 390 1982 pente,
421 1902 522 1980 aluna
546 1912 644 1966 autem
661 1903 734 1965 dnos
757 1911 786 1964 et
801 1903 968 1974 dimidium,
1001 1903 1081 1982 quod

112 1993 158 2047 est
172 1987 379 2054 diatessaron.
425 1987 519 2048 asole
539 1989 668 2050 veroad
689 1987 801 2050 stellam
817 1989 932 2057 Martis,
963 1990 1010 2049 oui
1025 2006 1079 2048 no·

91 2051 238 2132 'monast
247 2073 356 2150 pyrois
372 2072 554 2132 tantumdem
570 2071 717 2132 intervalli
732 2090 797 2133 esso
810 2078 952 2149 quantum
968 2082 1080 2133 aterna

111 2155 150 2216 ad
163 2155 272 2226 lunam,
288 2155 378 2234 idque
393 2155 492 2216 lacere
507 2161 613 2224 tonon;
636 2155 706 2214 hinc
721 2156 757 2216 ad
773 2155 848 2216 lovis
862 2153 987 2224 stellam,
1003 2173 1092 2232 qnae·

111 2239 261 2317 phaethon
283 2239 462 2320 appellatur,
485 2239 638 2300 dimidium
655 2239 733 2308 eius,
757 2238 837 2317 quod
852 2239 941 2299 iaciat
955 2237 1080 2299 hemito-

61 2335 94 2386 25
112 2324 197 2394 nion;
221 2325 393 2387 tantundem
415 2325 514 2385 alove
534 2324 570 2384 ad
586 2323 707 2384 Saturni
726 2321 856 2392 stellam,
879 2324 927 2382 cui
941 2322 1080 2402 phaenon

70 2406 73 2412 '
112 2426 221 2469 nomen
245 2417 303 2478 est,
335 2409 364 2469 id
387 2413 431 2469 est
451 2408 530 2468 aliud
549 2407 748 2476 hemitonion,
776 2408 846 2467 inde
873 2406 908 2466 ad
930 2424 1079 2468 summum

11 2497 12 2500 ’
112 2491 243 2562 eaelum,
274 2489 326 2552 nbi
347 2493 430 2571 signa
451 2498 534 2562 sunt,
563 2490 687 2569 perinde
708 2490 901 2552 hemitonion.
947 2492 1113 2569 itaquean

181 2765 204 2815 1.
225 2777 351 2827 quaeque
363 2761 425 2826 DV,
444 2777 514 2816 corr.
527 2763 642 2814 Haterius
658 2765 715 2814 coll.
729 2762 860 2825 Madnipio
877 2763 913 2811 ad
925 2762 977 2812 Cic,
990 2763 1022 2811 de
1032 2764 1079 2823 fia.

111 2847 137 2894 p.
149 2832 197 2879 699
267 2833 291 2883 3.
311 2833 474 2895 campensi)
541 2833 566 2880 4.
586 2829 815 2880 enasrosrheucs
833 2841 1004 2894 peomtrmco
1020 2829 1046 2877 D

110 2897 265 2963 colligitV
328 2898 352 2950 6.
373 2905 437 2962 quot
455 2895 622 2962 (tdinrae.)
641 2899 666 2946 D
736 2897 760 2946 l.
778 2895 927 2946 iuterraV
996 2897 1080 2946 ihus·

111 2979 193 3032 penne
211 2965 236 3014 I)
305 2967 345 3015 12.
369 2965 490 3030 podium⁴
514 2966 542 3015 V
607 2967 647 3015 13.
670 2977 779 3029 urceum
801 2964 826 3013 D
897 2964 938 3012 14.
957 2975 1080 3014 moncons

112 3033 528 3094 D,mercoriid‚Me1·cnriiV
593 3033 634 3083 15.
653 3045 749 3082 samon
767 3032 793 3080 Ι)
845 3031 1084 3082 seminoutonDV

113 3102 153 3153 17.
172 3112 325 3152 emtromon
343 3102 376 3163 D,
395 3101 561 3152 semitonion
578 3099 626 3150 dV
643 3097 827 3163 (hemenomon
845 3101 871 3149 I)
888 3106 947 3150 ante
964 3114 1017 3150 ras.
1036 3100 1079 3150 ido

112 3172 168 3220 loeo
191 3172 235 3234 qui
255 3187 272 3219 a
295 3169 367 3219 nodio
389 3170 537 3233 adscriptus
560 3173 600 3218 eat
617 3169 653 3218 ad
671 3183 698 3231 p.
717 3169 759 3228 25,
778 3166 813 3229 2)
884 3169 925 3220 19.
950 3178 1078 3218 cesanum

113 3235 256 3298 (ansanum
275 3244 334 3286 ante
346 3235 413 3296 ras.)
430 3237 456 3286 D
524 3237 566 3286 20,
585 3234 720 3301 disperire
733 3235 796 3299 DV,
815 3231 860 3286 διὰ
873 3233 1044 3299 clincampo

114 3305 155 3354 21.
181 3302 366 3355 discessuros
389 3304 455 3363 DV,
485 3301 530 3356 διὰ
546 3300 688 3368 τεαάρων
710 3306 782 3369 culpo
851 3303 893 3354 at
916 3303 1025 3369 phenon
1043 3301 1078 3362 D,

113 3371 234 3434 phooton
255 3372 284 3421 V
348 3373 390 3425 25.
413 3371 522 3438 pheuon
540 3372 595 3422 DV
662 3373 707 3422 26.
724 3373 766 3425 27.
786 3371 958 3422 hemruonron
976 3370 1001 3416 D
1019 3373 1080 3417 ante

113 3453 181 3502 rae,
207 3439 373 3491 semitonion
390 3439 409 3490 d
417 3441 446 3489 V
1074 3467 1076 3472 ·
