2560 3958
210 222 233 284 4
476 231 524 278 nn
546 228 760 278 prunarum
782 228 909 308 conpr.

212 389 308 451 neque
336 371 389 430 tibi
414 387 468 448 per
489 370 578 429 animi
600 370 738 430 virtutem
759 368 854 428 desint
880 384 935 427 nec
961 365 1033 426 milri
1060 382 1114 442 per
1134 367 1179 426 rei

212 457 385 518 tenuitatem
401 456 564 531 supersint,
586 451 794 531 quodcumque
809 451 866 511 hoo
882 449 949 510 libri
967 457 1011 511 est
1025 451 1098 510 meis
1114 451 1178 527 opi·

95 543 98 549 '
177 550 194 599 6
213 542 269 602 hus
285 547 488 617 comparatum
504 536 632 598 natalicii
647 535 731 598 titulo
747 535 800 595 tibi
816 536 893 594 misi.
927 537 957 594 in
974 552 1033 613 quo
1048 551 1123 602 non,
1146 543 1178 594 ut

212 626 363 704 plerisque
380 641 444 684 mos
460 628 519 692 est,
541 629 592 682 aut
607 639 642 680 ex
659 620 755 682 ethica
771 627 854 698 parte
869 618 1072 698 philosophiae
1093 636 1178 698 prae-

213 715 297 788 cepta
319 708 355 769 ad
371 707 457 768 beate
476 705 646 774 vivendum,
670 723 745 783 quae
760 703 814 764 tibi
828 702 1005 771 scriberem,
1029 710 1178 763 mutuatus
1197 713 1213 761 5

212 811 293 861 sum,
324 801 374 852 aut
395 811 432 851 ex
454 789 567 851 artibus
587 789 740 850 rhetorum
764 787 847 849 locos
867 787 1002 849 laudibus
1022 789 1080 848 tuis
1100 786 1176 848 cele-

211 876 333 938 brandis
361 858 538 953 persechtus
570 872 623 950 (ad
648 873 679 933 id
707 874 784 934 enirn
809 874 948 933 virtutum
977 873 1109 933 omnium
1136 872 1176 932 la·

212 963 331 1038 stigium
358 959 527 1028 ascendisti,
560 965 593 1018 ut
618 957 723 1018 armeta
751 959 819 1025 ista,
854 975 929 1037 quae
956 955 1000 1017 vel
1030 957 1177 1034 sapienter

211 1052 370 1106 monentur
390 1041 436 1104 vel
457 1042 584 1102 facunde
599 1041 821 1120 praedicantur,
845 1042 900 1101 vita
921 1039 1112 1120 moribusque
1127 1059 1177 1101 su-

212 1126 386 1207 peraveris),
404 1125 455 1187 sed
472 1145 508 1186 ex
523 1125 680 1206 philologis
696 1127 915 1187 commentariis
931 1124 1072 1203 quasdam
1089 1142 1177 1204 quae·
1198 1134 1229 1182 10

213 1210 375 1273 stiunoulas
392 1209 503 1288 delegi,
526 1228 602 1290 quae
625 1218 782 1288 congestae
798 1212 911 1286 possint
931 1209 1111 1289 aliquantum
1127 1227 1177 1269 vo-

179 1291 194 1340 7
212 1295 313 1356 lumen
334 1294 461 1356 eilicere.
492 1295 581 1372 idque
597 1313 613 1354 a
628 1313 675 1354 me
692 1294 817 1355 docendi
832 1295 929 1356 studio
950 1293 996 1354 vel
1012 1293 1178 1354 ostentandi

214 1387 279 1439 voto
302 1379 365 1439 lieri
381 1396 440 1439 non
456 1378 612 1456 praedico,
635 1397 672 1439 ne
687 1381 717 1437 in
733 1396 795 1447 me,
819 1387 852 1438 ut
874 1386 955 1439 vetus
972 1379 1107 1455 adagium
1124 1386 1175 1448 cst,

179 1466 195 1514 8
213 1465 278 1524 iure
294 1462 409 1523 dicatur
430 1480 492 1523 sus
514 1463 720 1522 Minervam.
751 1467 813 1524 tom
828 1480 898 1522 vero
919 1480 986 1523 cum
1001 1469 1053 1523 tuo
1070 1461 1178 1522 collatu

213 1549 319 1609 scirem
352 1565 400 1608 me
426 1547 512 1624 plura
539 1546 692 1616 didicisse,
728 1564 765 1606 ne
792 1545 943 1608 beneficiis
974 1548 1031 1608 tuis
1061 1545 1178 1607 viderer
1198 1557 1231 1604 15

212 1634 360 1710 ingratus,
391 1639 562 1692 nostrorum
587 1639 720 1692 veterum
748 1631 999 1692 sanctissimorum
1024 1630 1177 1691 hominum

179 1720 194 1768 9
213 1715 348 1795 exempla
369 1734 434 1777 sum
456 1723 583 1778 secutus.
619 1714 661 1775 illi
678 1717 756 1776 enim
772 1716 857 1794 quod·
866 1715 1019 1785 alimenta,
1042 1716 1177 1794 patriam,

212 1800 319 1869 lucem,
336 1819 368 1860 se
385 1801 513 1878 denique
528 1801 607 1877 ipsos
622 1800 700 1860 dono
717 1799 841 1860 deorum
857 1799 1015 1869 habehant,
1033 1817 1068 1860 ex
1084 1799 1178 1860 omni·
1263 1864 1264 1867 Ἴ

212 1884 269 1945 bus
295 1883 403 1963 aliquid
432 1884 494 1943 deis
514 1882 684 1953 sacrabant,
716 1885 809 1962 magis
837 1882 911 1944 adeo
932 1889 964 1943 nt
989 1901 1054 1943 sese
1077 1890 1178 1960 gratos

213 1967 414 2046 adprobarent
434 1984 522 2046 quarn
539 1967 616 2045 quod
633 1967 704 2030 deos
719 1968 777 2028 hoc
798 1967 1010 2028 arbitrarentur
1032 1966 1175 2044 indigere.
1196 1977 1231 2026 ‘20
1264 2022 1265 2025 ,

161 2056 195 2106 10
212 2053 312 2128 itaque
334 2069 402 2112 cum
423 2060 620 2130 perceperant
641 2052 756 2130 fruges,
788 2059 856 2112 ante
877 2070 965 2131 quam
985 2059 1178 2112 vescerentur

212 2136 274 2196 deis
289 2135 381 2196 libare
396 2137 595 2206 instituerunt,
612 2145 719 2198 etcum
736 2154 823 2214 agros
839 2135 934 2214 adque
949 2135 1040 2198 urbes
1054 2134 1178 2196 deorum

211 2239 336 2283 munere
351 2221 551 2300 possiderent,
567 2228 682 2299 partem
698 2221 845 2299 quandam
861 2219 978 2299 templis
993 2218 1177 2298 sacellisque,

211 2306 263 2366 uhi
285 2323 336 2366 eos
357 2306 502 2375 colerent,
531 2304 716 2365 dicaverunt:
746 2303 864 2382 quidam
892 2306 978 2364 etiam
1000 2322 1056 2382 pro
1077 2311 1178 2364 cetera

212 2389 346 2468 corporis
367 2389 444 2450 bona
466 2387 632 2450 valetudine
652 2389 764 2449 crinem
787 2387 842 2449 deo
865 2405 982 2448 sacrum
1007 2387 1176 2466 pascebant.
1196 2397 1229 2446 25

161 2477 192 2525 11
211 2475 250 2534 ita
274 2492 340 2552 ego,
367 2491 456 2551 aquo
471 2472 556 2552 plura
577 2475 608 2533 in
624 2474 728 2536 litteris
747 2473 883 2552 percepi,
905 2471 958 2532 tibi
978 2473 1053 2534 haec
1073 2474 1176 2550 exigua
1265 2493 1266 2508 ¹

211 2559 305 2620 reddo
319 2556 469 2620 libamina.

176 2638 195 2698 2
277 2642 363 2702 Nunc
384 2644 523 2720 quoniam
543 2640 619 2701 liber
634 2642 672 2702 dc
687 2642 734 2702 die
751 2640 842 2702 natali
862 2640 1048 2709 inscribitur,
1072 2642 1177 2700 avotis

211 2726 341 2804 auspicia
362 2732 526 2785 sumantur.
572 2724 671 2802 itaque
692 2724 790 2784 huno
811 2723 920 2793 diem,
943 2723 1023 2801 quod
1044 2725 1085 2784 ait
1106 2725 1178 2784 Per·

211 2812 287 2879 sius,
315 2827 466 2870 numera
489 2807 644 2870 meliore
671 2807 818 2886 lapillo,
847 2807 936 2885 idque
957 2809 1178 2887 quam-saepis·
1198 2816 1233 2867 30

280 3031 306 3079 4.
330 3043 364 3077 ex
382 3028 475 3078 ethica
493 3025 635 3088 Manutius,
667 3025 766 3076 exhtca
785 3027 823 3086 D,
853 3025 899 3076 hic
919 3041 935 3076 a
957 3027 983 3077 V
1048 3029 1073 3078 5.
1096 3031 1183 3096 sente

212 3094 238 3145 D
306 3095 468 3146 onocusb
535 3094 745 3144 emeremni)
803 3092 945 3144 secundae
963 3095 987 3144 D
1058 3096 1098 3148 11.
1114 3109 1176 3144 con-

213 3164 302 3227 geste,
314 3162 340 3210 V
407 3165 447 3212 13.
470 3175 525 3212 non
543 3159 604 3210 fieri
626 3163 649 3211 V
719 3159 859 3228 obpansum
879 3161 969 3226 (prior
986 3176 1003 3227 9
1020 3177 1055 3212 ea:
1072 3177 1087 3212 o
1104 3162 1178 3225 facto

212 3244 269 3280 esse
287 3228 396 3293 videtur)
416 3229 449 3288 D,
470 3227 588 3292 elogium
610 3228 636 3279 V
703 3231 742 3280 14.
760 3230 816 3280 iam
833 3227 910 3293 vero]
928 3245 999 3280 uerso
1018 3230 1057 3291 D,
1076 3228 1177 3279 docere

217 3297 249 3360 V,
268 3311 363 3346 verum
381 3296 478 3347 Iobaus
531 3295 724 3347 moendinis
747 3299 774 3348 V
830 3299 870 3348 18.
889 3296 1028 3347 habebam
1050 3297 1088 3360 V,
1107 3312 1176 3346 corr.

212 3381 244 3414 m.
263 3368 280 3414 2
350 3366 390 3418 19.
409 3379 471 3415 sese
490 3367 584 3429 gratos
602 3364 726 3424 Halmius,
747 3379 929 3431 seqaeparos
944 3365 974 3422 D,
994 3368 1132 3426 aegrotos
1155 3365 1180 3412 V

214 3434 255 3483 20.
274 3431 348 3482 hsce*
359 3433 394 3496 D,
413 3432 465 3482 diis
478 3433 496 3480 d
549 3445 760 3482 auatrnaneunu
772 3431 903 3497 tubeqene
916 3433 941 3480 D
993 3431 1034 3482 22.
1049 3430 1128 3495 alque
1141 3432 1176 3492 Ι),

215 3503 300 3564 atque
323 3499 350 3549 V
414 3501 456 3552 29.
476 3512 608 3550 sumanuh
626 3501 651 3548 D
702 3499 777 3550 Pers⁴
796 3502 855 3558 2,1
899 3499 966 3557 Ι30.
987 3496 1131 3563 sepissime
1155 3501 1181 3549 V
