2560 3958
367 212 414 260 nn
437 211 498 258 nm
521 210 651 258 rernm
674 211 749 260 oar.
765 213 836 258 xvr.
1041 198 1084 263 29

116 370 174 430 que
190 352 287 412 animo
302 349 446 412 valentem
461 348 577 429 longior
592 357 709 410 maneat
724 356 870 412 senectus.
901 369 989 430 quent
1004 354 1082 412 enim

102 444 248 498 ‘veterum
270 453 350 496 nune
365 435 506 496 memoria
528 436 704 514 suspicimus
725 435 880 513 prudentia
902 433 949 496 vel
969 443 1082 514 tempe·

115 521 211 582 rantia
233 519 279 582 vel
298 521 408 581 iustitia
423 518 469 580 vel
483 518 656 580 fortitudine
670 521 725 580 tibi
740 527 888 580 antestare
899 541 900 544 ¹
910 519 1083 601 [dicimus]l

117 607 183 684 quis
199 622 319 675 eorum,
336 605 361 664 si
376 603 506 673 adesset,
526 621 586 664 non
601 605 631 664 in
650 610 679 664 te
694 605 826 664 omnium
837 606 981 666 ¹virtutum
998 623 1083 683 prae-

82 690 294 751 5dicationem
324 688 494 750 conlerrett
532 689 599 767 quis
628 689 687 748 tuis
716 687 854 750 laudibus
884 707 916 750 se
946 690 1082 767 postponi

117 773 328 835 erubesceret?
356 771 426 832 illud
443 780 541 841 certe,
565 779 598 834 ut
618 772 765 848 arbitror,
789 772 910 850 dignum
932 781 976 832 est
996 791 1083 850 prae-

117 857 280 927 dieatione,
312 857 406 936 quod,
439 875 505 918 cum
520 856 578 918 illis
593 857 688 918 ferme
710 856 849 919 omnibus
864 857 997 934 quamvis
1012 875 1083 936 pru·

116 942 296 1004 deotissimis
316 948 346 1002 et
365 940 470 1020 proenl
498 941 689 1020 erepublica
713 943 817 1002 amotis
843 958 902 1002 non
927 942 1085 1018 contigerit

116 1028 179 1088 sine
201 1027 363 1088 offensione
384 1032 413 1086 et
433 1025 501 1086 odio
523 1024 697 1104 plerumque
718 1025 835 1103 capitali
854 1026 942 1086 vitam
963 1025 1081 1103 degere,

67 1124 99 1172 10
116 1117 262 1172 tutamen
278 1110 383 1171 ciliciis
398 1109 625 1188 municipalibus
641 1110 773 1180 iunctus,
795 1109 910 1170 honore
924 1111 1084 1171 sacerdotii

115 1196 146 1254 in
169 1195 354 1274 principibus
379 1203 448 1255 tuae
478 1191 602 1256 civitatis
632 1197 824 1273 conspicuus,
855 1195 967 1255 ordinis
997 1196 1083 1254 etiam

117 1282 263 1356 equestris
286 1279 427 1358 dignitate
453 1279 577 1356 gradum
607 1278 831 1358 provincialium
862 1295 1083 1356 supergressus,
1142 1347 1151 1358 ,

117 1381 178 1424 uon
194 1363 281 1424 modo
297 1365 360 1424 sine
375 1363 608 1442 reprehensione
623 1372 652 1424 et
667 1363 771 1425 invidia
786 1381 905 1442 semper
921 1363 1019 1434 luisti,
1034 1382 1084 1422 ve-

117 1466 184 1510 rum
206 1451 293 1508 etiam
308 1449 439 1508 omnium
463 1450 583 1509 omnino
605 1467 736 1517 amorem
758 1466 826 1510 cum
842 1449 968 1509 maxima
989 1448 1083 1524 gloria

55 1543 100 1592 ,15
119 1539 295 1594 consecutus
311 1539 352 1594 es'.
384 1534 449 1612 quis
469 1551 484 1593 a
501 1541 529 1593 te
544 1535 627 1594 nosci
642 1541 693 1593 aut
709 1551 745 1593 er
766 1530 950 1610 amplissimo
965 1539 1085 1592 senatus
1103 1543 1118 1592 5

118 1617 222 1678 ordine
247 1635 305 1677 nou
328 1618 449 1695 expetiit
469 1624 520 1678 aut
535 1635 570 1678 ex
586 1614 744 1677 humiliore
759 1615 855 1694 plebis
871 1633 930 1676 non
953 1617 1083 1692 optavit?

117 1703 183 1780 quis
209 1700 377 1761 mortalium
403 1701 447 1762 vel
467 1710 499 1762 te
524 1701 595 1763 vidit
620 1700 666 1761 rel
692 1701 728 1760 de
748 1710 801 1762 tuo
822 1701 941 1760 nomine
962 1701 1084 1779 accepit,

117 1786 188 1864 quin
210 1793 240 1846 et
254 1785 321 1845 loeo
335 1785 434 1846 fratris
448 1789 582 1864 germani
602 1785 702 1863 diligat
723 1791 753 1846 et
766 1787 829 1844 rice
843 1785 976 1862 parentis
997 1799 1084 1844 vene-

117 1871 218 1932 retur?
241 1871 307 1949 quis
327 1871 444 1948 ignorat
458 1870 634 1948 probitatem
657 1871 797 1949 primam,
819 1870 907 1930 fidem
928 1885 1083 1934 summam,

66 1966 100 2016 20
117 1952 327 2033 benignitatem
356 1953 572 2022 incredibilem,
615 1953 789 2016 modestiam
820 1953 1085 2032 verecundiamque

117 2039 299 2115 singularem
321 2044 477 2118 ceteraque
497 2039 685 2099 humanitatis
714 2037 810 2099 officia
831 2056 923 2116 penes
943 2045 972 2098 te
992 2055 1084 2098 unum

120 2139 200 2192 esse,
231 2129 261 2182 et
281 2121 399 2201 quidem
421 2124 533 2182 maiora
555 2140 643 2198 quam
667 2125 779 2205 possint
795 2121 883 2200 digne
904 2138 1083 2200 equaquam

118 2207 242 2268 relerril
278 2223 371 2286 quare
397 2212 426 2265 et
448 2205 569 2283 egebis
591 2224 670 2267 nunc
692 2205 959 2268 commemorandis
981 2217 1119 2282 super-e

119 2291 238 2352 sedebo.
265 2291 308 2352 de
324 2289 490 2370 eloquentia
507 2303 625 2371 quoque
639 2289 728 2361 sileo,
745 2309 833 2371 qnam
853 2291 950 2352 omnia
966 2289 1084 2366 provin·

65 2385 101 2437 25
120 2377 231 2436 ciarum
252 2382 421 2436 nostrarum
438 2373 610 2447 tribunalia,
633 2393 736 2436 omnes
757 2374 908 2453 praesides
929 2382 1084 2442 noverunt,

119 2458 210 2540 quam
228 2460 357 2539 denique
376 2458 450 2520 urbs
464 2459 558 2520 Roma
579 2467 609 2521 et
629 2457 773 2521 auditoria
788 2477 871 2522 sacra
887 2461 991 2520 mirata
1006 2465 1084 2518 sunt.

118 2545 194 2604 baec
217 2561 249 2604 se
276 2550 305 2604 et
331 2544 530 2622 adpraesens
555 2549 585 2606 et
609 2544 639 2604 in
659 2543 757 2606 futura
783 2543 900 2606 saecula
926 2543 997 2604 satis
1022 2544 1084 2621 ipsa

119 2626 263 2690 nobilitat.

182 2712 266 2774 Nunc
286 2729 356 2773 vero
377 2720 522 2791 qnatenus
543 2713 581 2774 de
597 2712 644 2774 die
660 2713 751 2776 natali
767 2713 880 2784 scribo,
903 2730 1002 2774 meum
1018 2730 1082 2773 mu·
1099 2716 1136 2777 ru

52 2807 102 2872 ‚30
119 2814 176 2858 nus
190 2796 305 2877 inplere
320 2797 466 2868 conabor,
483 2805 660 2877 tempusque
676 2799 867 2866 hodiernum,
885 2815 943 2876 quo
960 2797 1086 2856 maxime

119 2977 322 2984 W

190 3086 214 3136 1.
237 3095 316 3150 quem
340 3085 412 3136 enim
433 3089 571 3145 veterum,
596 3098 710 3148 quorum
732 3083 892 3134 memoriam
914 3085 1086 3150 suspicimus,

121 3151 268 3216 prudentis
285 3175 318 3188 ·—
337 3152 472 3203 antistare
491 3150 613 3202 dicemus
630 3151 727 3202 Indum·
747 3153 882 3204 seeundum
900 3153 1086 3202 Laebmaeaum

121 3221 146 3269 i.
165 3219 337 3284 suscepimus
359 3219 387 3268 V
451 3221 476 3272 3.
494 3208 738 3270 rosrrrubsuemll
807 3221 832 3271 5.
850 3223 1003 3286 posrporrrr
1021 3233 1085 3270 esu·

120 3299 253 3338 utseener
270 3288 308 3348 D,
339 3288 447 3338 cermel
513 3287 541 3338 8..
562 3297 647 3336 murts
666 3287 732 3350 DV,
763 3289 883 3339 remotis.
896 3288 1018 3338 Cauchius

121 3356 146 3404 9.
169 3367 233 3404 utre
251 3354 306 3404 DV
374 3356 415 3406 10.
434 3353 575 3405 sacerdoti
597 3355 625 3401 V
690 3357 730 3406 13.
754 3355 992 3420 nepreebensrore
1010 3355 1035 3402 D

123 3422 163 3472 tt.
182 3422 230 3485 qui
252 3425 271 3472 d
293 3420 321 3484 (s
339 3424 426 3472 littera
445 3419 591 3486 carpuneto)
664 3423 703 3474 16.
728 3435 842 3488 experta
867 3423 891 3471 D
959 3421 1001 3470 27.
1024 3432 1086 3484 pre-

122 3501 185 3538 sens
208 3489 236 3536 V
300 3492 341 3540 30.
358 3489 472 3554 implere
495 3489 523 3538 V
