2560 3958
368 219 415 265 nn
438 219 499 266 nuc
522 218 654 266 unrnnr
678 218 752 266 cnr.
769 219 831 267 xu.
1042 205 1083 270 21

117 359 290 437 signiferum
308 357 411 418 orbem
429 357 533 418 diebus
549 370 685 419 ccccxv
700 366 730 419 et
744 357 855 436 aliquot
868 358 951 419 horis
966 359 1011 420 sol
1026 361 1084 420 cir·

117 449 247 514 cumeat,
271 450 374 522 quarta
398 459 520 504 necesse
542 452 586 504 est
601 451 686 521 parte
708 442 840 521 dempta,
863 443 893 503 id
916 451 959 504 est
980 443 1084 505 diebus

116 541 252 588 nxxxxr
279 525 449 607 aliquotque
470 528 567 598 horis,
599 535 660 588 tres
683 527 811 604 quadras
836 527 958 606 reliquis
979 527 1084 588 diebus

116 624 289 672 uonxxrur
305 629 365 671 nou
381 610 475 690 plenis
490 618 661 691 percurrat,
685 629 779 689 usque
796 611 864 672 dum
881 613 1032 689 perveniat
1047 613 1084 672 ad

80 697 145 756 nid
174 697 233 757 loci
266 696 345 756 uude
375 698 576 776 conceptionis
605 696 718 756 initium
755 696 914 774 quadratus
953 698 1082 773 aspiciat.

115 780 197 841 unde
218 786 315 841 antem
336 798 420 842 mens
435 781 563 841 humana
586 781 648 841 dies
669 782 739 840 istos
762 780 996 843 commutationis
1017 798 1082 858 spe·
1103 792 1134 842 to

117 864 210 926 culari
230 872 260 926 ct
282 882 387 926 arcana
408 873 530 926 naturae
551 866 655 925 rimari
675 867 821 942 potuerit,
846 881 933 924 nemo
949 865 1081 925 miretur.
1111 855 1116 865 '

116 950 190 1010 haee
213 951 290 1010 euim
305 950 447 1029 frequens
468 950 651 1010 medicorum
674 950 852 1025 experientia
869 947 1010 1027 pervidit,
1034 949 1084 1026 qui

117 1033 319 1098 cum·.moltas
346 1034 616 1094 animadverterent
643 1050 745 1094 semen
772 1051 832 1092 uon
858 1033 987 1092 retinere
1013 1050 1084 1091 con·

65 1130 98 1180 10
117 1125 251 1198 ceptum,
280 1126 455 1196 conpertum
480 1117 650 1179 habuerunt
675 1117 704 1177 id
733 1117 811 1195 quod
838 1117 916 1177 intra
944 1133 995 1176 sex
1022 1115 1084 1176 dies

117 1210 265 1281 septemve
288 1202 447 1264 eiciebatur
464 1207 528 1264 css'e
542 1201 687 1271 lacteum,
710 1210 739 1266 et
753 1210 930 1261 vocaverunt
952 1199 1084 1277 ἔκρυειν,

117 1287 195 1365 qnod
212 1293 312 1365 postea
329 1293 426 1348 autem
442 1289 651 1365 sanguineum,
674 1286 764 1363 idque
785 1283 967 1362 ἑκτρωεμὸε
983 1283 1085 1364 appel-

117 1371 205 1431 latur.
242 1372 321 1450 quod
344 1389 413 1432 vero
438 1372 524 1432 ambo
547 1380 649 1449 partus
670 1370 807 1431 videntur
829 1369 953 1448 paribus
969 1369 1084 1429 dierum
1103 1379 1135 1428 11

117 1455 249 1515 numeris
271 1457 430 1535 contineri,
458 1457 638 1535 Pythagoras
659 1455 792 1534 inparem
813 1452 928 1522 laudat,
954 1460 1085 1514 tamena

67 1550 99 1600 ro
117 1546 195 1600 secta
208 1557 268 1599 non
281 1539 438 1619 discrepat.
460 1541 518 1602 duo
530 1541 607 1600 euim
620 1541 739 1616 inpares
752 1550 875 1598 ccvrrrr
887 1547 916 1598 et
929 1549 1087 1598 ccnxxrrr

118 1624 188 1686 dicit
209 1622 337 1702 expleri,
360 1625 539 1702 adquorum
556 1625 841 1682 consummationem
863 1620 971 1698 aliquid
988 1639 1025 1680 ex
1040 1639 1086 1680 se·

118 1707 278 1784 quentibus
299 1707 455 1777 accedere,
487 1707 566 1787 quod
587 1715 686 1767 tamen
708 1705 785 1766 diem
807 1703 932 1765 solidum
953 1721 1014 1763 non
1035 1703 1086 1763 ad-

119 1792 204 1854 ierat.
235 1793 318 1851 cuius
333 1791 500 1870 exemplum
516 1792 648 1852 videmus
664 1798 722 1850 tam
738 1790 769 1850 iu
785 1791 854 1849 anni
873 1806 961 1867 quam
978 1789 1087 1868 mensis
1106 1799 1148 1848 12⁴

118 1877 213 1954 spatio
234 1893 366 1937 servasse
388 1887 539 1944 naturam,
571 1893 637 1936 oum
665 1882 694 1934 et
719 1875 787 1934 anni
809 1875 944 1952 inparem
969 1873 1086 1933 dierum

68 1971 101 2020 20
118 1966 321 2022 trecentorum
347 1963 497 2039 sexaginta
527 1962 658 2040 quinque
679 1977 838 2020 numerum
865 1957 1012 2036 aliquanto
1036 1975 1087 2016 cu-

119 2043 276 2104 mulaverit
292 2051 320 2104 et
337 2047 430 2104 mensi
445 2045 542 2104 lunari
558 2045 594 2104 ad
610 2045 672 2104 dies
693 2043 892 2120 undetriginta
910 2041 1018 2122 aliquid
1035 2040 1086 2100 ad·

119 2128 235 2188 diderit.

182 2212 244 2272 Nec
265 2228 335 2271 vero
356 2210 530 2272 incredibile
552 2220 597 2271 est
618 2211 654 2270 ad
674 2217 793 2270 nostros
809 2207 922 2269 natales
943 2209 1086 2268 musicam
1104 2211 1139 2270 12

119 2297 279 2373 pertinere.
323 2294 397 2356 haec
419 2297 498 2357 enim
520 2296 579 2356 sive
599 2295 630 2354 in
651 2311 723 2354 voce
743 2292 947 2354 tantummodo
969 2299 1028 2361 est,
1056 2299 1090 2351 ut

68 2391 102 2442 25
121 2382 258 2441 Socrates
279 2381 342 2449 ait,
364 2381 439 2449 sive,
470 2386 503 2438 ut
523 2379 729 2448 Aristoxenus,
760 2379 792 2437 in
812 2395 884 2438 voce
905 2383 933 2438 et
954 2376 1088 2455 corporis

121 2471 217 2532 motu,
249 2465 309 2523 sive
332 2464 362 2522 in
384 2463 431 2524 his
453 2469 481 2524 et
497 2472 649 2541 praeterea
671 2463 702 2522 in
724 2463 815 2522 animi
830 2468 926 2530 motu,
959 2467 991 2522 ot
1005 2467 1089 2538 putat

120 2546 361 2624 Theophrastus,
384 2554 466 2607 certe
480 2546 606 2606 multum
628 2545 741 2606 obtinet
756 2546 911 2606 divinitatis
933 2552 963 2605 et
980 2544 1088 2606 animis

119 2630 329 2710 permovendis
351 2630 510 2708 plurimum
531 2629 616 2691 valet.
658 2647 725 2691 nam
747 2630 803 2689 nisi
823 2637 905 2708 grata
927 2635 1005 2690 esset
1026 2627 1122 2688 deis2

121 2713 342 2785 inmortalibus,
360 2717 409 2794 qui
426 2735 461 2776 ex
477 2716 574 2776 anima
590 2721 726 2775 constant
741 2713 854 2784 diviua,
877 2712 1011 2793 prolecto
1026 2712 1089 2773 ludi

70 2810 103 2860 30
121 2800 231 2861 scenici
251 2797 464 2877 placandorum
487 2799 610 2860 deorum
633 2815 720 2859 causa
746 2798 872 2859 instituti
894 2815 953 2858 non
981 2805 1086 2870 essent,

125 2943 320 2952 -—---—--

189 3019 214 3067 1.
233 3015 290 3067 ores
310 3017 365 3067 DV
416 3016 576 3082 enrqnobD
639 3018 663 3066 3.
688 3030 751 3064 oxu
769 3013 826 3064 DV
876 3011 1090 3080 estquoltqueD

122 3083 262 3149 quadrans
283 3085 311 3134 V
314 3083 336 3142 ¹,
355 3084 508 3138 corr.‘m.2
570 3084 594 3133 7.
613 3097 709 3134 nonant
726 3082 782 3132 DV
840 3083 865 3135 8.
885 3081 1018 3147 perturber
1036 3082 1094 3131 DV
1164 3113 1169 3124 .

122 3156 162 3205 10.
182 3152 337 3204 hsouemnn
356 3151 381 3202 ιδ
398 3166 426 3202 ur
445 3149 515 3216 quod
533 3152 558 3200 D
628 3152 669 3200 11.
690 3149 844 3201 eiicebatur
866 3150 895 3199 V
959 3163 1089 3201 exuerem

121 3219 188 3281 DV,
214 3236 283 3271 corr.
307 3236 339 3272 m.
356 3235 410 3271 ree.
431 3221 456 3268 in
478 3220 505 3269 V
573 3220 612 3270 12.
637 3218 771 3282 sangnine
798 3217 824 3265 V
891 3230 1044 3270 exrrocuoc
1066 3216 1095 3265 V

38 3294 41 3298 '
123 3283 158 3349 (u
176 3289 287 3350 clusere
306 3291 405 3337 ductum
422 3285 473 3348 Μ)
546 3286 586 3335 14.
609 3287 638 3333 in
656 3288 763 3350 partem
786 3287 814 3334 V
879 3284 985 3336 neuter
1002 3286 1028 3334 D

123 3356 163 3406 16,
183 3368 387 3420 exequanumus
406 3355 431 3403 D
484 3353 523 3406 18.
543 3351 663 3403 uidemus
683 3349 709 3416 (a
729 3367 784 3404 ent
799 3353 883 3418 saeta)
902 3355 927 3401 D
979 3353 1022 3400 21.
1040 3364 1090 3399 nn·

123 3421 293 3488 denumerare
305 3423 330 3471 D
393 3421 435 3472 24.
448 3425 479 3471 ut
491 3424 616 3471 socrates
629 3420 684 3484 dV,
696 3434 837 3472 caesones
854 3421 875 3468 D
938 3419 980 3469 26.
994 3417 1050 3466 ami
1066 3415 1094 3465 V

122 3492 164 3540 27.
183 3489 376 3540 aheosnasrus
395 3488 451 3538 DV
