2560 3958
382 229 430 276 ns
451 229 512 276 nin
534 226 665 276 aarum
689 223 763 276 cnr.
780 226 811 275 v.
931 233 934 238 ¹
1059 209 1079 274 9

113 369 271 430 credulitas
295 369 418 447 recepit.
463 384 542 428 nunc
564 385 635 428 vero
662 386 696 430 eo
717 367 852 427 licentiae
873 366 987 443 poetica
1008 373 1130 444 pro-12

113 455 200 516 cessit
221 453 327 524 libido,
350 462 383 512 ut
402 453 449 512 rix
470 452 572 514 auditu
593 451 715 513 serenda
738 452 920 530 contingant,
942 457 1010 528 post
1026 449 1079 511 ho·

113 541 226 600 minum
247 537 422 599 memoriam
445 538 648 615 progeneratis
668 538 726 596 iam
748 534 885 612 gentihus
907 541 936 596 et
955 533 1080 596 urbibus

113 623 238 683 conditis
260 621 395 682 homines
412 627 523 681 eterra
545 621 668 682 dirersis
683 619 779 679 modis
801 619 909 689 editos,
936 620 1014 679 utin
1030 620 1079 679 At·

76 717 94 766 5
112 708 169 768 tica
185 707 282 767 tenor
296 706 418 782 regione
433 704 644 766 Erichthonius
665 723 702 764 ex
716 703 839 764 Vulcani
861 704 973 763 semine
988 703 1079 764 humo

114 799 250 860 exortus,
274 796 302 851 et
317 790 346 849 in
363 788 502 850 Colchide
524 788 571 849 vel
586 790 707 850 Boeotia
723 789 844 848 consitis
866 787 969 865 anguis
985 786 1080 847 denti·
1150 823 1153 828 ·

113 875 171 934 hus
192 875 296 934 armati
311 881 480 950 sperwere,
503 891 519 932 e
536 872 643 952 quihus
657 878 759 934 mutua
776 872 866 933 caede
887 874 965 931 inter
982 889 1013 930 se
1028 889 1080 930 ne-

115 960 187 1019 catis
202 959 289 1036 pauci
305 974 462 1036 superasse
477 957 644 1028 traduntur,
662 959 714 1036 qui
728 958 758 1017 in
775 957 895 1016 conditu
911 953 1080 1016 Thebarum

114 1042 225 1103 Cadmo
240 1042 351 1102 luerint
373 1041 558 1110 adiuinento,
586 1037 717 1102 nec'non
734 1043 763 1101 in
785 1057 857 1116 agro
873 1040 1080 1116 Tarquiniensi
1099 1046 1131 1095 13

59 1137 95 1185 10
113 1143 189 1204 puer
210 1125 318 1186 dicitur
333 1124 450 1186 divinus
465 1133 602 1186 exaratus
617 1127 737 1186 nomine
752 1124 861 1202 Tages,
885 1125 937 1202 qni
952 1121 1079 1201 discipli-

113 1227 182 1271 nam
203 1211 344 1270 cecinerit
365 1210 523 1288 aruspicii,
556 1227 644 1290 quam
666 1208 841 1270 lucumones
862 1215 924 1269 turn
945 1208 1081 1268 Etruriae

112 1301 250 1373 potentes
265 1296 493 1372 exscripserunt.

178 1377 327 1438 Hactenus
347 1377 384 1439 de
404 1380 500 1455 prima
515 1377 670 1438 hominum
687 1378 815 1455 origine:
844 1385 977 1438 ceterum
999 1374 1077 1454 quod
1096 1374 1114 1432 h

115 1461 152 1522 ad
178 1470 350 1562 praesenpes
370 1468 489 1522 nostros
509 1464 639 1539 pertinet
664 1461 777 1522 natales
804 1478 967 1539 eorumque
988 1460 1079 1530 initia,

62 1555 95 1606 15
114 1563 203 1625 quarn
218 1552 323 1624 potero
339 1546 505 1625 conpendio
521 1546 626 1606 dicam.

177 1629 270 1705 igilur
286 1647 389 1690 semen
411 1628 491 1689 unde
513 1637 597 1689 exeat
617 1631 695 1688 inter
715 1629 876 1704 sapientiae
895 1628 1082 1704 'professores
1099 1633 1115 1680 2

113 1730 175 1773 non
196 1719 320 1777 constat.
351 1712 543 1773 Parmenides
565 1713 641 1772 enim
657 1719 719 1772 tum
736 1729 771 1772 ex
788 1711 897 1771 dextris
912 1717 975 1770 tum
991 1729 1007 1770 e
1024 1709 1082 1772 lae·

114 1797 158 1857 vis
174 1796 308 1873 partibus
324 1797 395 1856 oriri
410 1797 533 1876 putavit.
564 1795 696 1874 Hipponi
711 1813 781 1856 vero
794 1795 996 1873 Metapontino
1012 1796 1080 1864 sive,
1160 1861 1169 1871 ,

114 1887 147 1942 ut
166 1881 359 1942 Aristoxenus
379 1887 482 1942 auctor
503 1889 562 1949 est,
594 1880 692 1940 Samio
719 1897 754 1940 ex
776 1877 913 1940 medullis
933 1877 1082 1956 profluere

61 1974 97 2023 20
115 1982 216 2025 semen
232 1965 363 2035 videtur,
384 1965 472 2043 idque
489 1983 524 2025 eo
539 1963 675 2043 probari,
698 1963 776 2042 quod
792 1971 858 2041 post
873 1963 1082 2024 admissionem

114 2049 262 2126 pecudum
279 2049 303 2107 si
319 2049 384 2127 quis
398 2066 497 2109 mares
511 2050 675 2116 interimat,
698 2047 840 2108 medullas
855 2056 957 2127 ulpote
973 2048 1082 2109 exhau-

115 2139 175 2192 stas
191 2149 250 2191 non
265 2132 404 2209 reperiat.
437 2132 488 2192 sed
504 2131 582 2191 hanc
597 2133 766 2209 opinionem
783 2131 917 2192 nonnulli
933 2130 1081 2199 refellunt,

115 2225 149 2278 ut
167 2217 357 2295 Anaxagoras
377 2215 564 2298 Democritus
586 2222 615 2276 et
635 2213 796 2275 Alcmaeon
820 2214 1019 2276 Crotoniates:
1051 2214 1082 2274 hi
1101 2219 1116 2268 3

117 2302 194 2361 enim
217 2307 283 2376 post
303 2315 427 2378 gregum
449 2300 669 2360 contentionem
691 2315 751 2360 non
772 2297 908 2360 medullis
924 2297 1012 2359 modo
1033 2317 1082 2359 ve·

186 2485 208 2534 1.
231 2485 344 2550 poetice
361 2485 508 2546 Manutius,
536 2497 669 2549 poenicae
686 2482 742 2532 DV
809 2485 833 2534 2.
857 2496 1041 2549 connnnpanr
1059 2483 1084 2532 D

116 2558 176 2602 ante
193 2567 258 2611 ror,
276 2568 344 2604 corr.
363 2553 382 2602 d
443 2552 476 2603 4.
494 2565 509 2600 e
528 2553 545 2601 d
564 2550 600 2614 (in
618 2549 683 2612 rae.)
707 2551 744 2613 V,
764 2565 797 2599 ex
815 2554 880 2614 coni.
898 2551 1016 2601 Halmius

115 2621 140 2670 5.
166 2618 361 2670 enecerhontns
384 2620 422 2681 D,
458 2617 627 2669 ericthonius
654 2618 680 2666 V
746 2617 827 2668 homo
853 2618 879 2667 V
946 2619 971 2667 6.
999 2617 1083 2667 chon-

115 2685 195 2737 chios
208 2687 263 2735 DV
330 2688 354 2738 7.
374 2696 660 2750 armaris.penroroe
673 2685 735 2746 DV,
750 2685 850 2734 armati
862 2688 973 2750 spartos
986 2686 1084 2736 Ichnae

116 2755 157 2803 10.
177 2752 289 2804 divinus
300 2754 486 2812 Laomedonue,
505 2751 639 2803 diuturnus
657 2753 717 2802 DV
782 2757 913 2803 exaratus
932 2753 1083 2814 (inilicitum,

20 2857 27 2874 .
116 2834 258 2871 exoneras
280 2821 305 2870 D
322 2821 349 2871 V
351 2819 373 2882 ¹,
405 2823 516 2870 exortus
543 2821 571 2869 V
573 2819 585 2852 ²
613 2823 639 2871 in
661 2835 741 2884 marg.
813 2822 853 2869 11.
884 2819 978 2870 lucum
999 2820 1084 2870 hone·

116 2891 187 2937 ntum
214 2888 242 2935 V
312 2890 352 2938 12.
377 2902 600 2939 exsontesenunn
623 2888 647 2936 D
722 2889 763 2936 14.
786 2899 941 2951 penetrans
963 2887 1020 2935 DV

116 2957 157 3007 15.
176 2952 261 3004 Dicam
281 2953 301 3015 (i
319 2957 337 3006 d
353 2957 380 3005 in
396 2954 463 3020 ros.)
482 2957 507 3006 D
578 2957 618 3005 17.
638 2954 739 3004 dextris
759 2952 822 3016 (tris
839 2956 858 3004 d
875 2955 900 3003 in
918 2951 985 3018 rao.)
1003 2954 1028 3002 Β

117 3037 131 3071 e
150 3024 242 3071 caenis
262 3018 315 3087 (uin
334 3024 352 3072 d
368 3023 394 3072 in
412 3025 478 3085 rae.)
494 3023 532 3081 D,
558 3022 629 3072 leuis
651 3023 677 3072 V
745 3022 785 3072 18.
805 3021 871 3071 oriri
894 3023 934 3071 cd.
953 3021 1083 3082 Damocle,

117 3085 187 3138 achat
205 3090 230 3138 D
249 3087 269 3151 (r
287 3105 303 3138 α
317 3105 360 3153 pr.
378 3105 418 3148 nn,
437 3096 465 3140 ot
482 3088 607 3153 videtur),
631 3088 703 3139 adiri
731 3088 767 3153 V,
788 3089 902 3152 forsitan
925 3089 982 3140 oiim
1002 3088 1085 3152 facerit

116 3162 174 3206 tum
193 3171 227 3206 ex
245 3155 359 3207 dextere
378 3161 435 3208 tum
454 3173 468 3208 e
486 3157 571 3208 laeva
589 3161 668 3222 parte
687 3156 807 3206 suboriri
875 3156 997 3221 hrpporu
1013 3153 1068 3204 DV

115 3239 187 3275 neno
206 3239 238 3274 er
256 3225 282 3273 D
350 3226 391 3274 20.
409 3224 527 3289 prebere
550 3225 576 3273 V
580 3221 603 3282 ¹,
626 3239 695 3277 corr.
712 3227 778 3274 m.2
848 3224 888 3274 21.
910 3221 1041 3288 pecodum
1059 3223 1085 3271 D

117 3303 258 3342 monastria
275 3291 278 3356 Ι
293 3303 419 3358 pentmar
431 3293 468 3350 Β,
487 3293 522 3342 od
533 3305 561 3342 tn
578 3293 597 3342 d
609 3305 740 3356 superscr.
754 3305 767 3340 s
785 3289 893 3355 (omnino
906 3293 984 3356 igitar
994 3303 1085 3340 mares

116 3355 266 3424 siniret),
285 3373 376 3410 maren
393 3359 512 3423 perimat
534 3353 653 3416 V,'eorr.
671 3359 769 3408 Iahnoc
836 3359 878 3409 22.
897 3357 1039 3423 repperiet
1061 3354 1089 3403 V

115 3427 156 3478 23.
175 3437 323 3493 acoemeon
342 3427 379 3485 D,
399 3427 523 3477 alcmeon
545 3426 572 3476 V
637 3427 678 3476 24.
697 3441 812 3491 gregum
832 3426 981 3483 (iacilielmos,
999 3437 1084 3489 cnae-

115 3505 176 3544 cam
194 3494 231 3556 D,
250 3508 362 3559 grecam
383 3494 411 3543 V
605 3517 609 3524 .
