2560 3958
198 207 240 272 32
434 220 482 266 uu
503 219 567 266 mu
589 219 719 266 ueram
742 218 817 266 one.
833 219 918 264 xvu.

199 361 364 420 diutissime
379 360 498 418 vixisset
513 357 560 418 die
576 358 679 418 mortis
694 376 764 418 suae
779 358 866 434 primi
887 356 996 418 saeculi
1013 355 1168 418 modulum

199 445 299 513 linire,
320 461 412 520 eoque
428 443 475 504 die
491 443 541 520 qui
557 449 655 502 essent
668 440 773 521 reliqui
788 443 818 501 in
835 443 962 515 civitate,
985 441 1021 501 de
1037 441 1083 500 his
1097 459 1169 502 rur·

199 547 265 589 sum
281 530 344 588 eius
359 534 495 597 mortem,
513 528 563 605 qui
579 526 778 604 longissimam
795 528 904 603 egisset
919 533 1058 595 aetatem,
1075 525 1169 586 finem

201 630 265 674 esse
292 612 400 674 saeculi
426 612 560 673 secundi.
604 613 647 672 sic
673 611 813 688 deinceps
839 619 955 690 tempus
981 609 1168 688 reliquorum

200 699 363 758 terminari.
388 697 438 756 sed
456 695 581 773 ecquod
596 695 923 772 ignorarenthomines,
941 702 1076 772 portenta
1089 696 1168 756 mitti
1189 707 1206 755 5

200 782 355 850 divinitus,
383 780 490 861 quibus
506 780 735 840 admonerentur
751 797 843 839 unum
860 779 999 857 quodque
1014 778 1167 840 saeculum

167 875 267 928 nesse
290 867 413 926 linitum.
458 865 532 924 haec
559 870 696 943 portenta
719 865 836 924 Etrusci
857 881 911 941 pro
933 862 1093 941 haruspicii
1121 864 1167 924 di-

200 950 401 1030 sciplinaeque
426 967 497 1009 snae
523 949 627 1024 peritia
654 947 808 1025 diligenter
836 947 989 1008 observata
1017 949 1047 1007 in
1073 947 1169 1008 libros

199 1034 388 1096 rettulerunt.
420 1049 512 1110 quare
528 1033 559 1092 in
575 1032 680 1093 Tuscis
695 1033 833 1100 historiis,
851 1050 926 1110 quae
942 1041 1045 1092 octavo
1062 1050 1168 1092 eorum

200 1118 318 1180 saeculo
333 1118 461 1196 scriptae
477 1124 560 1185 sunt,
585 1124 617 1175 ut
632 1118 725 1177 Varro
740 1123 879 1186 testatur,
903 1123 932 1177 et
947 1125 1019 1196 quot
1040 1133 1168 1178 numero
1189 1128 1221 1177 10
1267 1151 1268 1172 i

199 1201 316 1262 saecula
338 1202 364 1260 ei
381 1203 542 1282 genti,data
564 1202 673 1276 sint,et
689 1208 904 1262 transactorum
926 1199 1040 1278 singula
1057 1207 1167 1278 quauta
1267 1197 1268 1232 ³

199 1285 473 1366 fuerintquibusvc
488 1287 610 1346 ostentis
626 1303 728 1346 eorum
743 1288 841 1346 ‘exitus
857 1285 1000 1362 designati
1016 1285 1168 1349 sint,con-

199 1372 319 1430 tinctor.
356 1371 453 1448 itaque
474 1373 618 1447 scriptum
640 1377 843 1454 est‚quattnor
865 1370 960 1446 prima
981 1369 1097 1430 saecula
1114 1387 1167 1430 an·
1267 1383 1268 1432 i

199 1473 307 1515 norum
324 1455 418 1517 luisse
441 1462 613 1524 centenum,
643 1453 778 1532 quintum
800 1462 919 1516 centnm
940 1454 1043 1531 viginti
1064 1457 1166 1523 trium,
1267 1515 1268 1542 ¹

200 1545 315 1600 sextum
338 1539 518 1617 undeviginti
534 1545 712 1608 etcentum,
743 1541 901 1618 septimum
917 1539 1053 1610 totidem,
1084 1547 1219 1599 octa-15
1267 1545 1268 1582 i

201 1641 268 1684 vum
284 1630 346 1684 tum
363 1624 480 1684 demum
496 1625 559 1702 agi,
576 1641 687 1684 nonum
704 1631 733 1684 et
747 1623 895 1685 decimum
911 1640 1084 1701 superesse,
1102 1626 1176 1702 qui·‚

200 1707 257 1770 bus
272 1709 429 1770 transactis
444 1709 532 1770 linem
549 1709 614 1770 lore
629 1709 756 1769 nominis
771 1709 898 1781 Etrusci.
967 1720 968 1724 ’

166 1799 181 1850 '1
263 1792 465 1853 Romanorum
487 1800 584 1854 antem
601 1791 716 1852 saecula
733 1793 852 1870 quidam
867 1790 945 1852 ludis
966 1790 1167 1856 saecularibus
1267 1827 1268 1872 l

198 1884 303 1955 putant
331 1878 485 1954 distingui:
516 1878 564 1936 cui
585 1878 628 1936 rei
650 1876 722 1936 lidos
747 1877 771 1934 si
792 1883 871 1938 ceria
892 1882 950 1946 est,
981 1875 1088 1936 modus
1106 1875 1166 1937 Ro·
1267 1879 1268 1940 i

199 1962 278 2020 mani
305 1959 415 2020 saeculi
445 1967 489 2020 est
514 1961 652 2020 incertus.
699 1967 866 2038 temporum
894 1961 973 2021 enim
1002 1958 1164 2030 intervalla,
1185 1971 1218 2020 20

199 2043 308 2122 quibus
325 2042 387 2103 ludi
403 2045 449 2104 isti
464 2044 592 2105 debeant
606 2043 728 2111 reterri,
752 2063 811 2104 non
827 2045 916 2106 modo
933 2053 1041 2123 quanta
1057 2044 1167 2106 luerint

199 2135 282 2188 retro
300 2129 468 2206 ignoratur,
491 2128 542 2212 sed
559 2147 597 2190 ne
620 2135 729 2208 quanta
744 2130 862 2208 quidem
884 2147 949 2192 esse
964 2129 1094 2190 debeant
1108 2131 1165 2190 sci-

165 2220 182 2270 8
200 2220 257 2274 tur.
293 2231 360 2274 nam
377 2215 416 2273 ita
437 2215 601 2274 institutum
624 2231 704 2284 esse,
727 2223 758 2274 nt
773 2216 935 2277 centesimo
952 2231 1072 2292 quoque
1088 2231 1165 2274 anno

198 2298 318 2368 fierent,
329 2298 362 2368 ,id
379 2316 446 2364 cum
460 2300 561 2359 Antias
577 2298 686 2376 aliique
702 2300 834 2358 historici
850 2306 986 2360 auctores
1002 2307 1085 2370 sunt,
1101 2307 1164 2358 tum

159 2401 161 2408 ·
199 2382 292 2442 Varro
322 2382 358 2464 de
380 2384 521 2450 scaenicis
548 2382 712 2459 originibus
738 2381 814 2444 libro
838 2385 934 2462 primo
956 2383 995 2443 ita
1021 2385 1163 2462 scriptum
1183 2394 1216 2444 25

198 2466 332 2544 reliquit:
363 2485 440 2527 cum
463 2464 576 2527 multa
598 2473 773 2545 portenta
797 2467 951 2538 fierent,
982 2474 1018 2527 et
1040 2485 1165 2528 murus

199 2568 239 2612 ac
267 2552 401 2620 turris,
436 2570 532 2631 quae
560 2559 643 2611 sunt
676 2553 774 2614 inter
803 2561 945 2634 portam
978 2549 1161 2614 Collinam

199 2644 235 2695 et
257 2634 505 2711 Esquilinam,
535 2635 577 2696 de
600 2636 703 2698 caelo
726 2645 828 2698 tacta
856 2643 992 2706 essent,
1023 2645 1058 2696 et
1079 2635 1162 2696 ideo

198 2829 402 2838 u——n--—---

267 2958 292 3005 7.
312 2956 445 3021 aruspicii
467 2955 494 3002 V
542 2954 712 3020 orsorpcmee
725 2968 796 3018 quae
809 2957 833 3004 D
901 2958 925 3007 9.
945 2971 1163 3008 nerrucceeunr

198 3024 232 3084 D,
251 3022 448 3073 retuleruuiV
515 3025 738 3074 lucidiores.
791 3021 944 3086 eaquooD
1014 3027 1054 3074 11.
1072 3029 1162 3075 treus·

199 3092 323 3138 actarum
351 3090 387 3149 V,
410 3105 478 3141 corr.
496 3093 564 3140 m.2
635 3093 674 3141 12.
697 3104 882 3141 *aourtuermr
899 3093 937 3153 D,
964 3094 1120 3142 continetur
1137 3094 1161 3150 d,

198 3158 257 3206 item
273 3156 305 3214 V,
323 3157 350 3205 in
363 3173 411 3221 quo
423 3157 513 3206 utinet
526 3160 540 3206 1
553 3173 584 3208 m.
598 3159 623 3206 in
635 3174 688 3208 rar.
760 3159 799 3208 14.
812 3160 940 3210 censenti
950 3161 1002 3223 fuit
1013 3162 1040 3211 in
1052 3161 1085 3224 D,
1098 3175 1163 3210 nunc

196 3229 257 3288 post
280 3236 351 3272 cena·
374 3223 414 3274 eet
430 3239 525 3274 rasura
542 3227 617 3275 trium
634 3227 775 3276 litterarum
800 3233 826 3276 et
841 3241 887 3277 um
909 3242 1055 3292 cupersan,
1085 3229 1161 3277 tertio

198 3297 281 3342 aetem
304 3294 359 3342 loco
377 3299 508 3355 comparet
529 3294 604 3343 etiam
621 3309 687 3344 nunc
704 3296 792 3344 ductes
814 3301 976 3346 transuersus
994 3297 1037 3362 qui
1053 3295 1104 3358 fuit
1121 3309 1162 3344 eu·

195 3374 247 3424 per
264 3373 296 3421 u;
321 3359 404 3412 centri
426 3358 452 3408 V
519 3362 643 3426 quierunt
663 3359 703 3424 (in
720 3363 747 3411 in
764 3361 828 3426 rar.)
847 3365 872 3414 Ι)
943 3365 982 3415 15.
1002 3362 1162 3412 unumdevi-

199 3425 269 3490 giuti
287 3427 337 3476 dV
401 3429 442 3480 22.
463 3427 565 3478 debeat
586 3428 614 3477 V
616 3426 637 3491 ¹,
657 3445 725 3482 corr.
744 3445 774 3478 m.
793 3433 809 3478 2
878 3431 1060 3482 asscensus
1083 3429 1108 3476 V

196 3493 239 3542 26.
256 3508 347 3545 muros
369 3495 393 3544 V
461 3497 501 3546 28.
519 3501 609 3546 trecis
631 3496 659 3544 V
