2560 3958
374 241 422 286 nu
444 241 507 287 um
529 240 660 288 usuum
684 239 758 287 cnr.
776 241 862 288 xvu.
1055 227 1095 290 31

129 386 216 458 partu
238 385 267 440 et
289 385 384 440 morte
407 379 569 440 delinitum.
606 397 698 457 quare
714 381 763 458 qui
785 395 878 442 annos
892 381 1012 458 triginta
1032 399 1096 442 sae·

128 462 228 524 culum
244 470 386 543 putarunt
400 463 526 524 multum
543 464 677 524 videntur
698 481 822 526 errasse.
855 464 912 524 boc
928 465 1005 526 enim
1022 474 1096 526 tem·

127 567 185 629 pus
200 565 314 626 geneau
330 551 430 608 vocari
446 547 612 608 Heraclitus
627 555 731 609 auctor
746 556 798 620 est,
815 551 881 627 quia
897 549 978 610 orbis
993 551 1096 611 aetatis

126 636 159 694 in
176 651 211 692 eo
228 633 265 693 sit
278 633 382 710 spatio.
420 631 524 693 orbem
540 640 639 692 autem
653 641 738 693 vocat
759 636 875 708 aetatis,
904 634 974 694 dum
991 640 1095 694 natura

93 726 109 774 5
129 717 166 778 ab
183 719 308 778 sementi
323 717 450 777 bumana
472 718 508 777 ad
524 718 681 778 sementim
701 717 868 780 revertitur.
905 717 962 777 boc
977 718 1094 796 quidem

129 819 240 881 ganeas
261 810 379 880 tempus
407 800 455 861 alii
478 800 562 862 aliter
583 801 770 862 definierunt.
816 801 981 862 Herodicus
1001 821 1095 864 anuos

56 957 58 961 Ι
129 887 259 964 quinque
286 896 315 946 et
342 886 443 963 viginti
469 887 572 946 scribit
598 886 654 946 dici
682 902 811 961 gcnean,
841 887 942 946 Zenon
966 888 1094 964 triginta.

128 970 279 1032 saeculum
296 978 394 1030 autem
411 973 484 1046 quid
498 973 548 1039 sit,
566 988 659 1049 usque
675 971 772 1030 adbuc
788 971 916 1030 arbitror
932 970 969 1030 ad
984 970 1092 1032 subtile
1112 983 1130 1030 3

129 1056 329 1116 examinatum
351 1073 410 1115 nou
433 1073 506 1115 esse.
544 1063 649 1132 poetae
665 1055 783 1133 quidem
799 1055 890 1116 multa
910 1054 1094 1117 incredibilia

76 1147 109 1197 10
129 1142 329 1219 scripserunt,
360 1157 416 1200 nec
431 1141 529 1200 miuus
550 1139 682 1199 historici
698 1139 820 1209 Graeci,
852 1141 984 1218 quamvis
1004 1159 1055 1200 eos
1077 1159 1093 1200 a

129 1242 198 1285 vero
219 1241 273 1303 par
296 1241 355 1283 nou
376 1223 431 1284 luit
452 1223 610 1292 decedere;
648 1230 680 1283 ut
700 1222 879 1294 Herodotus,
908 1225 985 1301 apud
1007 1242 1094 1303 quem

126 1309 253 1386 legimus
281 1308 503 1386 Arganthonion
533 1308 749 1368 Tartessiorum
785 1325 886 1386 regem
916 1316 1035 1369 centum
1067 1318 1096 1369 et

129 1393 340 1472 quinquaginta
356 1409 501 1454 annorum
516 1392 622 1461 luisse,
639 1400 688 1452 aut
702 1392 855 1470 Ephorus,
872 1394 922 1470 qui
937 1393 1027 1453 tradit
1040 1394 1094 1453 br-

129 1477 217 1538 cadas
238 1477 337 1537 dicere
359 1476 436 1554 apud
452 1495 484 1537 se
500 1493 586 1553 reges
601 1479 737 1555 antiquos
758 1476 869 1555 aliquot
889 1477 925 1538 ad
946 1484 1095 1538 trecentos

77 1567 110 1616 15
128 1562 234 1622 vixisse
262 1579 365 1622 anuos.
412 1579 513 1622 verum
535 1561 609 1622 baec
636 1569 667 1621 ut
688 1559 820 1621 sabulosa
842 1568 1012 1639 praetereo:
1043 1562 1093 1622 sed
1112 1569 1129 1617 4

127 1648 206 1707 iutcr
228 1647 309 1724 ipsos
331 1643 510 1723 astrologos,
535 1647 585 1725 qui
604 1648 635 1705 in
651 1643 801 1706 stellarum
817 1648 1031 1725 signorumque
1047 1664 1093 1706 ra·

130 1733 211 1790 tione
228 1747 330 1790 rerum
345 1737 523 1798 scrutantur,
541 1748 728 1809 nequaqnam
745 1731 832 1791 etiam
848 1731 994 1789 convenit.
1026 1729 1094 1807 Epi-

129 1830 222 1892 genes
243 1815 272 1874 in
288 1822 406 1874 centum
423 1814 580 1875 duodecim
602 1815 686 1874 anuis
701 1813 902 1892 longissimam
920 1815 1007 1874 vitam
1024 1831 1094 1875 con-

127 1899 234 1968 stituit,
265 1898 393 1959 Berosus
417 1906 516 1960 autem
537 1905 655 1959 centum
677 1898 820 1958 sedecim:
859 1898 906 1960 alii
922 1899 959 1958 ad
976 1907 1094 1960 centum

76 1989 109 2038 2ο
126 1985 228 2061 viginti
248 1999 341 2042 annos
356 1983 481 2060 produci
495 2000 597 2062 posse,
618 1982 738 2061 quidam
761 1985 845 2044 etiam
863 1983 937 2044 ultra
960 1983 1095 2044 credide-

126 2073 206 2128 runt.
250 2069 372 2127 luerunt
392 2069 443 2144 qui
464 2084 523 2128 nou
549 2067 627 2128 idem
649 2074 787 2146 putarent
808 2066 916 2144 ubique
936 2067 1094 2129 observan-

128 2151 213 2219 dum,
236 2151 286 2210 sed
310 2153 389 2211 varie
404 2168 459 2229 per
479 2151 609 2212 diversas
631 2152 781 2230 regiones,
803 2160 907 2230 prout
927 2155 956 2211 in
972 2151 1095 2228 singulis

127 2238 166 2296 sit
188 2234 262 2296 caeli
284 2235 320 2295 ad
343 2235 486 2296 circulum
508 2236 655 2296 finitorem
678 2235 843 2306 inclinatio,
875 2237 953 2314 quod
974 2242 1095 2296 vocatur

129 2319 224 2381 clima.

77 2409 111 2458 25
194 2404 252 2464 Sed
268 2403 648 2465 licetveritasiuobscuro
664 2403 766 2471 lateat,
789 2406 931 2465 tamenin
949 2422 1005 2464 uua
1021 2369 1093 2484 qua·
1112 2413 1129 2462 5

128 2506 186 2567 que
214 2490 329 2548 uilitate
356 2490 514 2567 quaesiui
540 2486 684 2548 naturalia
711 2487 842 2556 saecula,
865 2488 985 2549 rituales
1005 2488 1094 2548 Etru·

128 2589 248 2632 scorum
264 2571 334 2632 libri
348 2572 483 2633 ridentur
497 2572 639 2642 dooere,
632 2590 661 2632 m
677 2575 742 2652 quis
757 2575 900 2650 scriptum
917 2591 981 2634 esse
1000 2572 1094 2633 lertur

128 2656 210 2717 initia
232 2657 273 2716 sic
289 2658 359 2735 poni
376 2655 571 2738 saeculorum.
608 2673 666 2733 quo
682 2657 729 2718 die
744 2657 834 2719 urbes
853 2657 949 2736 adque
965 2659 1095 2718 civitates

128 2743 395 2811 constituerentur,
423 2741 460 2802 de
481 2742 528 2801 bis
547 2742 598 2821 qui
619 2759 654 2802 eo
676 2743 723 2802 die
745 2745 806 2803 uati
831 2749 931 2804 essent
957 2761 1023 2802 eum
1045 2744 1095 2822 qui

196 2980 220 3028 3.
234 2973 336 3038 γενεὰν
348 2980 428 3042 uulgo,
442 2981 500 3028 item
509 2979 619 3042 posthac
630 2978 729 3039 γενεὰ(
742 2984 768 3026 et
778 2974 880 3038 γενεάν
948 2977 974 3029 4.
987 2991 1094 3026 uocaus

127 3045 183 3094 DV
196 3061 266 3095 corr.
279 3045 456 3095 Lacbmunuus
524 3048 548 3096 ὁ.
563 3047 598 3096 ab
611 3045 729 3095 sementi
741 3045 865 3108 Halmius,
880 3043 913 3094 ab
926 3045 1094 3109 semermi),

127 3129 174 3165 om.
197 3113 222 3162 V
290 3115 441 3161 sementem
463 3113 489 3160 V
555 3116 581 3163 t.
599 3127 733 3178 rstqeura
751 3114 776 3161 D
844 3115 868 3163 8.
888 3113 953 3176 quid
971 3130 1017 3164 our.
1036 3113 1061 3161 D

127 3180 329 3232 &exanimatio
352 3178 377 3226 V
444 3181 485 3229 10.
506 3193 692 3230 soatuseuuua
709 3180 735 3229 D
805 3177 866 3244 eos]
886 3195 919 3230 eo
937 3181 975 3244 D,
1000 3196 1046 3231 om.
1071 3180 1096 3228 V

128 3249 169 3301 12.
189 3245 412 3311 arganthonnion
435 3245 463 3294 V
526 3254 725 3296 tarcesstounm
745 3246 799 3311 (ter
811 3246 914 3312 iuras.)
933 3250 967 3307 D,
986 3251 1092 3297 tarces-

127 3315 203 3366 sioru
225 3315 253 3364 V
319 3317 359 3367 13
381 3313 477 3378 quinte
494 3313 525 3376 V,
545 3329 613 3365 corr
626 3331 658 3364 m.
670 3329 722 3364 rec.
776 3316 862 3366 fuisse
880 3316 1049 3390 entephorus
1071 3313 1098 3362 V

129 3382 269 3434 orchadas
288 3383 346 3432 DV
412 3383 451 3431 14.
471 3396 543 3446 apuu
561 3383 586 3432 Ι)
656 3381 771 3446 amquob
789 3385 814 3432 D
880 3380 1015 3432 'tricentos
1038 3380 1066 3427 V

128 3453 169 3505 17.
190 3450 638 3517 eptqeuestuD,epygenes1nV
703 3453 744 3501 20
764 3463 872 3516 urqeurt
891 3450 915 3497 D
984 3450 1025 3501 22.
1043 3461 1093 3496 ua·

127 3533 189 3568 ntae
207 3520 232 3567 D
301 3522 342 3571 26.
361 3516 456 3570 secula
478 3517 504 3567 V
570 3519 611 3569 28.
631 3517 715 3582 sitque
736 3519 761 3568 V
