2560 3958
198 195 241 259 28
455 209 502 255 nu
524 207 586 254 otu
608 207 738 256 nurum
761 207 836 254 our.
853 207 910 254 xv,

201 350 299 426 peric:
334 347 386 407 sed
411 348 491 408 bunc
523 348 623 408 ierunt
649 344 815 406 naturalem
840 345 985 408 stomachi
1015 345 1177 407 infirmita·

201 441 260 494 tem
283 431 463 510 crebrasque
478 430 605 492 morbidi
620 431 754 510 corporis
776 431 952 491 offensiones
973 430 1047 490 adeo
1062 431 1177 492 virtute

202 517 296 576 animi
308 517 358 576 diu
373 523 569 585 sustentasse,
586 523 619 576 ut
634 517 728 592 magis
742 516 850 575 mirum
866 515 903 574 sit
918 515 955 574 ad
970 531 1064 576 anuos
1079 529 1176 574 uxtn

203 607 271 661 eum
286 601 375 660 vitem
391 599 547 678 pertulisse
563 618 652 680 qrram
668 600 745 660 ultra
761 617 821 658 non
837 597 1003 676 protulisse.

149 689 185 747 15
268 683 381 754 Quare,
409 686 592 746 sanctissime
614 682 753 752 Caerelli,
782 701 849 744 cum
869 685 957 744 istum
985 701 1096 744 anuum
1119 685 1176 760 qui
1197 694 1214 744 5

203 771 331 833 maxime
346 768 444 830 luerat
459 771 578 846 corpori
594 767 804 828 lormidolosus
819 769 883 828 sine
904 766 965 828 ullo
980 768 1175 828 incommodo

201 855 367 923 transieris,
390 860 522 921 ceteros,
546 854 596 930 qui
615 852 743 914 leviores
757 861 841 922 sunt,
866 851 1050 912 climacteras
1071 853 1175 913 miuus

202 937 255 998 tibi
277 939 453 1006 extimesco,
476 938 651 1016 praesertim
675 955 742 996 cum
758 937 787 996 io
802 943 833 996 te
854 937 943 996 animi
964 938 1061 1014 potius
1082 955 1175 1016 mem

204 1023 338 1101 corporis
360 1029 495 1081 naturam
511 1023 601 1080 sciam
618 1021 778 1090 dominari,
807 1037 917 1099 eosque
932 1022 1011 1080 viros
1031 1022 1082 1099 qui
1096 1021 1175 1082 tales

203 1109 325 1166 luerunt
347 1123 407 1164 uon
423 1106 505 1183 prius
526 1108 583 1165 vita
605 1107 765 1165 excessisse
787 1123 875 1183 quam
897 1105 934 1164 ad
956 1122 1067 1164 annum
1086 1103 1174 1165 illum
1196 1115 1229 1164 10

204 1189 437 1266 octogensimum
459 1197 488 1249 cl
508 1207 600 1249 unum
620 1191 823 1268 pervenerint,
844 1189 875 1248 in
897 1207 956 1268 qno
977 1189 1061 1250 Plato
1081 1191 1176 1252 finem

203 1275 279 1332 vitae
301 1280 330 1333 ei
349 1271 513 1351 legitimum
540 1291 604 1334 esse
627 1274 802 1334 existimavit
824 1280 853 1332 et
872 1272 977 1333 habuit
996 1273 1173 1348 legitimum.

171 1357 263 1417 uhoc
285 1375 363 1417 anuo
385 1363 414 1417 et
434 1358 590 1436 Dionysius
610 1355 815 1426 Heracleotes,
838 1364 871 1416 ut
890 1359 950 1418 vita
970 1356 1080 1426 abiret,
1104 1358 1174 1418 cibo

205 1440 345 1502 abstinuit
360 1450 390 1501 et
405 1448 508 1502 contra
524 1442 670 1518 Diogenes
686 1442 805 1521 cynicus
820 1440 879 1501 cibi
895 1441 1039 1502 cruditate
1055 1443 1084 1500 in
1100 1443 1174 1502 obo-

203 1526 297 1586 leram
319 1524 432 1586 solutus
453 1531 505 1586 est.
545 1525 758 1586 Eratosthenes
773 1543 891 1604 quoque
911 1524 960 1586 ille
981 1526 1062 1586 orbis
1077 1535 1173 1587 terra·
1193 1537 1225 1586 15

204 1629 271 1671 rum
292 1627 413 1670 mensor
435 1617 464 1670 et
485 1609 667 1671 Xenocrates
684 1608 854 1671 Platonicus
874 1612 982 1672 veteris
1004 1605 1174 1672 academiae

171 1706 187 1754 3
205 1697 345 1773 princeps
366 1695 403 1755 ad
425 1696 553 1756 eundem
573 1713 684 1755 aunum
706 1696 852 1756 vixerunt.
892 1712 954 1756 non
975 1697 1062 1773 pauci
1084 1695 1172 1755 etiam

205 1796 259 1856 per
283 1781 374 1839 animi
395 1781 530 1858 spiritum
557 1778 699 1838 molestiis
720 1780 855 1857 corporis
878 1780 1025 1857 superatis
1049 1778 1172 1840 limitem

204 1865 293 1924 istum
309 1864 486 1938 transgressi
501 1869 584 1930 sunt,
606 1871 638 1922 ut
654 1863 834 1931 Carneades,
856 1882 872 1922 a
889 1882 948 1941 quo
963 1864 1050 1924 tertia
1066 1863 1172 1924 acade-

205 1947 264 2006 mia
276 1953 329 2013 est,
347 1963 422 2022 quae
434 1945 542 2006 dieitur
554 1963 638 2013 nova,
654 1947 706 2023 qui
719 1945 755 2006 ed
767 1964 878 2006 anunm
893 1949 1137 2024 nonagensimum
1144 1969 1169 2020 e,
1189 1959 1223 2008 20
1268 1995 1269 2032 p

205 2028 251 2089 vol
266 2027 439 2099 Cleanthes,
463 2034 515 2104 qui
535 2047 594 2089 uuo
610 2031 707 2090 minus
722 2037 841 2091 centum
864 2031 997 2110 explevit.
1031 2038 1061 2092 at
1074 2031 1171 2094 Xeno·
1268 2033 1269 2102 Ῐ

207 2113 318 2190 phanes
333 2112 534 2192 Colophonius
556 2115 649 2175 maior
670 2131 815 2176 annorum
837 2122 954 2178 contum
970 2116 1034 2177 luit.
1065 2116 1171 2178 liemo-
1268 2115 1269 2122 '

206 2199 313 2260 eritum
337 2217 459 2279 quoque
479 2199 639 2262 Abderiten
667 2207 696 2261 et
721 2199 872 2262 Isocraten
898 2201 1051 2260 rhetorem
1072 2201 1172 2261 ierunt

205 2301 300 2362 prope
321 2283 358 2344 ad
379 2284 408 2344 id
433 2286 537 2346 aetatis
557 2286 728 2363 pervenisse
751 2303 810 2363 quo
833 2285 962 2362 Gorgian
984 2285 1169 2355 Leontinum,

207 2385 294 2444 quem
314 2369 446 2426 omnium
470 2375 602 2431 veterum
618 2370 745 2429 maxime
766 2381 868 2429 senem
884 2368 974 2430 luisse
995 2377 1025 2430 et
1040 2377 1107 2431 octo
1121 2387 1169 2430 su·
1187 2379 1222 2428 25

171 2460 260 2530 ipra
281 2458 400 2510 centum
422 2469 515 2511 annos
538 2451 676 2512 habuisse
698 2459 821 2512 constet.
862 2453 942 2532 quod
963 2455 987 2514 si
1008 2453 1169 2514 cultoribus

205 2535 365 2611 sapientiae
386 2535 445 2596 sive
470 2552 525 2614 per
550 2536 639 2598 enimi
665 2537 802 2598 virtutem
823 2555 875 2598 seu
895 2537 961 2614 lege
982 2537 1034 2598 lati
1059 2538 1169 2600 diutina

207 2617 311 2695 obtigit
330 2620 403 2689 vita,
427 2638 486 2680 non
502 2620 628 2699 despero
643 2622 714 2698 quin
730 2627 759 2682 te
775 2639 893 2700 quoque
908 2622 958 2682 diu
973 2639 1099 2700 corpore
1120 2622 1169 2684 ed-

206 2809 408 2818 ———-—-·

147 2993 156 3000 ‚
275 2941 297 2992 1.
321 2938 477 2989 subomechr
495 2941 520 2989 D
587 2940 612 2991 4.
631 2937 747 3002 ptulisse
770 2939 798 2988 V
861 2955 916 2991 uon
933 2955 1101 3006 personuisse
1118 2940 1175 2991 DV

205 3008 229 3054 b.
249 3005 346 3054 cerelli
373 3007 398 3056 V
414 3023 450 3057 ece
467 3011 508 3057 sil.
579 3021 641 3056 cnm
659 3009 677 3056 d
693 3009 720 3056 in
738 3020 790 3056 ros.
862 3011 886 3058 7.
910 3023 1060 3060 uaeutones
1079 3009 1104 3057 D

98 3097 103 3104 ι
206 3073 248 3124 li.
267 3074 466 3136 octogesimum
488 3074 514 3123 V
581 3077 622 3124 12.
643 3087 796 3125 exrrmeurr
813 3075 838 3124 D
907 3073 1172 3129 13.o10u1s1us1)V

206 3139 246 3188 15.
267 3151 399 3188 souuoum
418 3143 443 3190 D
513 3142 553 3190 16.
571 3155 740 3198 xenocneuts
752 3143 790 3199 D,
808 3146 988 3194 *xenocrates
1001 3145 1090 3206 (eroco
1103 3141 1129 3208 e)
1146 3142 1172 3192 V

206 3203 382 3256 achabemtee
403 3208 460 3257 DV
527 3211 567 3259 19.
591 3209 755 3260 achademie
780 3210 805 3260 V
873 3212 913 3262 20.
937 3225 1011 3262 noue
1033 3225 1087 3262 uer.
1105 3225 1168 3261 ous-
1198 3235 1208 3252 ν

206 3272 312 3324 sorbes
332 3272 470 3339 (cicentes
487 3272 525 3340 V)
542 3289 588 3340 qur
606 3275 640 3326 ab
659 3290 758 3330 cunum
771 3291 996 3346 nonagensimum
1010 3279 1169 3343 (nonagesi-

205 3355 277 3390 mum
294 3341 328 3402 V)
347 3355 401 3392 uuo
418 3357 501 3394 uiuus
519 3355 634 3394 certunm
650 3345 712 3408 DV,
731 3349 890 3412 transposuit
905 3348 1018 3404 ledeos,⁸
1040 3348 1106 3398 idem
1123 3361 1167 3397 ao·

10 3443 11 3472 2
205 3409 290 3460 cessit
308 3407 435 3473 (Halmius
445 3409 526 3474 vixit)
542 3419 604 3476 porr
615 3415 841 3478 nonagensimum
853 3417 1013 3466 intercidisse
1025 3415 1134 3466 coniecit

10 3477 11 3570 p
203 3477 245 3527 21.
263 3477 444 3542 xenephanes
462 3478 517 3528 DV
584 3481 625 3530 28.
644 3483 728 3544 eique
750 3481 777 3530 V
868 3481 871 3487 '

165 3668 209 3680 Α
