2560 3958
257 290 261 298 ,
363 242 411 288 on
434 239 496 286 mu
519 239 651 288 usuum
675 239 751 288 cnr.
770 241 817 289 xr.
1035 227 1075 292 19

106 380 300 458 longitudinis
316 380 390 439 liunt
406 380 571 457 graviores
589 379 719 440 chordae
734 387 831 440 autem
848 386 1007 459 augmento
1023 381 1074 442 ad·

106 465 160 526 diti
169 465 487 544 ponderisacutiores:
504 462 663 540 utrubique
679 471 775 524 tamen
792 464 895 524 eadem
907 466 1004 546 portio
1020 472 1073 527 est.

172 550 224 610 llis
239 550 379 626 expositis
392 548 514 608 forsitan
530 547 649 627 quidem
666 546 801 618 obscure,
819 549 870 609 sed
888 566 975 626 quarn
993 551 1074 628 potui
1092 556 1124 614 ll

105 633 303 703 lucidissime,
321 633 411 694 redeo
428 632 464 692 ad
479 633 682 711 propositum,
700 639 731 691 ut
746 631 868 694 doceam
884 634 954 712 quid
969 634 1075 714 Pytha·

70 725 87 774 5
107 735 196 796 goras
212 718 249 778 de
264 735 388 778 numero
405 717 518 777 dierum
541 716 577 776 ad
593 724 696 794 partus
711 718 923 793 pertinentium
939 720 1074 778 senserit.

106 803 247 880 primum,
264 809 398 881 utsupra
415 802 576 861 memoravi
592 800 785 878 generaliter,
803 803 877 862 duos
893 819 957 862 esse
972 811 1075 880 partus
1093 813 1109 862 2

107 887 228 946 omnino
255 887 341 956 dixit,
372 885 497 946 alterum
519 886 682 953 minorem,
714 903 800 964 quem
822 893 927 946 vocant
948 893 1075 964 septem·

106 977 265 1040 mestrem,
297 972 346 1049 qui
376 969 704 1030 decimetducentesimo
735 970 783 1030 die
811 976 879 1048 post
908 973 1076 1048 conceptio·

105 1073 176 1114 nem
203 1061 287 1115 exeat
312 1054 348 1114 ab
369 1062 470 1124 utero,
502 1053 626 1114 alterum
649 1055 791 1115 maiorem
819 1053 1074 1124 decemmestrem,

55 1144 87 1192 10
107 1140 158 1217 qni
174 1139 279 1199 edatur
293 1139 341 1198 die
357 1137 581 1198 ducentensimo
597 1139 835 1217 septuagensimo
857 1146 970 1217 quarto.
1002 1157 1075 1217 quo·

106 1240 175 1282 rum
196 1224 280 1302 prior
301 1241 334 1284 ac
351 1224 447 1282 minor
463 1223 578 1284 senario
601 1223 727 1282 maxime
749 1224 919 1283 continetur
938 1240 1074 1284 numero.

107 1325 176 1368 nam
192 1307 271 1385 quod
295 1327 330 1366 ex
346 1308 458 1366 semine
474 1312 649 1384 conceptum
665 1313 724 1377 est,
749 1324 816 1377 sex,
843 1315 876 1368 ut
892 1308 947 1377 ait,
971 1308 1075 1385 primis
1093 1317 1109 1366 3

108 1389 214 1451 diebus
242 1409 327 1450 umor
350 1397 395 1451 est
414 1390 543 1463 lacteus,
574 1389 681 1451 deinde
702 1392 845 1470 proximis
868 1400 936 1452 octo
957 1393 1074 1468 sangui·

107 1492 198 1534 neus:
227 1478 277 1554 qui
299 1483 364 1536 octo
387 1493 454 1535 cum
476 1475 511 1536 ad
529 1476 641 1554 primos
656 1493 708 1536 sex
728 1482 944 1548 accesserunt,
965 1476 1076 1537 iaciunt

55 1563 87 1612 15
106 1560 232 1637 primam
247 1560 450 1638 symphoniam
465 1560 667 1626 diatessaron.
690 1562 777 1620 tertio
789 1560 883 1637 gradu
895 1578 1000 1621 norem
1014 1561 1076 1621 dies

106 1642 252 1703 accedunt
276 1645 332 1702 iam
356 1661 477 1703 carnem
498 1643 655 1702 iacientes:
681 1642 713 1701 hi
735 1660 801 1703 cum
823 1661 875 1702 sex
896 1642 952 1702 illis
972 1645 1076 1720 primis

107 1725 205 1787 collati
227 1727 391 1804 sescuplam
413 1726 524 1786 faciunt
539 1727 684 1787 rationem
706 1732 736 1788 et
755 1727 915 1787 secundam
937 1727 1075 1807 sympho-

106 1813 176 1872 nian
193 1812 240 1873 dia
255 1820 354 1889 pente.
385 1817 447 1871 tum
464 1812 606 1890 deinceps
626 1811 819 1890 sequentibus
836 1811 991 1873 duodecim
1012 1812 1074 1872 die·

106 1894 163 1956 bus
182 1896 214 1956 fit
230 1915 338 1974 eorpus
362 1896 419 1956 iam
435 1893 610 1957 formatum:
634 1896 742 1956 horum
757 1914 877 1975 quoque
897 1897 934 1957 ad
947 1896 1075 1968 ,eosdem

54 1985 88 2033 20
107 1997 159 2040 sex
182 1980 296 2041 collatio
313 1981 429 2041 tertiam
454 1981 609 2059 diapason
630 1980 728 2041 reddit
748 1983 943 2061 symphonian
965 1978 1075 2058 duplici

106 2065 214 2124 rationi
235 2064 408 2125 subiectam.
446 2064 477 2123 hi
492 2071 631 2141 quattuor
646 2066 763 2125 numeri
784 2079 821 2124 vr
842 2079 907 2124 vnr
923 2079 1001 2124 vum
1020 2079 1072 2125 x11
1091 2075 1110 2123 4

107 2148 257 2208 coniuncti
272 2148 383 2208 iaciunt
403 2148 466 2208 dies
486 2161 593 2207 ων.
629 2165 685 2208 nec
700 2150 837 2208 inmerito
853 2151 987 2209 senarius
1008 2150 1074 2209 lun-

108 2232 278 2311 damentum
305 2231 445 2310 gignendi
474 2239 532 2290 est:
570 2249 638 2291 nam
666 2250 733 2292 eum
757 2231 846 2292 telion
870 2233 992 2300 Graeci,
1021 2250 1075 2293 nos

108 2322 206 2376 autem
227 2317 390 2394 perlectum
412 2333 565 2386 vocamus
593 2316 673 2394 quod
695 2317 757 2377 eius
772 2325 872 2394 partes
892 2325 968 2387 tres,
993 2326 1075 2377 sexta

56 2404 89 2452 25
109 2408 137 2460 et
157 2402 243 2460 tertia
267 2408 295 2459 et
310 2400 444 2469 dimidia,
475 2399 567 2460 idest
587 2417 664 2460 unus
680 2409 709 2460 et
723 2400 782 2461 duo
798 2409 827 2462 et
841 2408 917 2473 tres,
948 2402 1074 2462 eundem

106 2486 203 2562 ipsum
224 2485 390 2560 perficiunt,
435 2483 487 2543 sed
509 2490 541 2543 ut
562 2484 645 2543 initia
665 2485 785 2545 seminis
806 2491 835 2545 et
855 2486 982 2547 lacteum
1002 2484 1110 2546 illudo

108 2569 310 2646 conceptionis
331 2565 557 2628 fundamentum
578 2568 715 2645 primitus
729 2568 786 2629 hoc
803 2587 926 2630 numero
948 2568 1074 2630 absolvi·

108 2658 171 2723 tur,
204 2653 247 2713 sic
270 2652 329 2713 hoc
355 2653 472 2712 initium
499 2651 618 2711 formati
639 2651 768 2712 hominis
794 2661 823 2713 et
845 2653 923 2714 velut
949 2653 1073 2714 alterum
1152 2665 1154 2668 ·

108 2737 327 2797 maturescendi
348 2735 586 2806 fundamentum,
611 2737 688 2814 quod
706 2745 750 2797 est
764 2739 895 2817 quinque
911 2747 940 2799 et
955 2740 1073 2817 triginta

175 2906 199 2956 1.
220 2905 300 2971 eorde
322 2905 347 2954 V
414 2907 439 2955 4.
458 2905 589 2956 lucidisse
601 2919 645 2954 me
662 2906 694 2967 V,
714 2920 781 2956 corr.
796 2921 826 2956 m.
840 2921 892 2956 rec.
963 2907 987 2954 6.
1007 2905 1074 2955 duos

106 2975 131 3024 in
147 2973 172 3021 V
182 2974 242 3022 odd.
256 2989 285 3022 m.
298 2989 350 3023 rec.
421 2975 444 3025 l.
464 2984 688 3037 sepremesreem
706 2973 740 3034 D,
760 2976 865 3037 septem
882 2977 1029 3022 monstrem
1051 2974 1076 3021 V

107 3042 131 3091 8.
150 3039 256 3089 decimo
275 3044 303 3090 et
316 3039 504 3090 ducentesimo
527 3040 556 3089 V
562 3043 634 3103 culpo
703 3041 727 3089 9.
747 3039 843 3090 decem
855 3043 1000 3090 menstrem
1018 3041 1042 3089 V

109 3111 147 3158 10.
161 3109 368 3174 septuagesimo
384 3108 412 3156 V
478 3109 517 3157 14.
538 3107 708 3156 accesserint
725 3107 753 3156 V
818 3109 857 3158 15.
876 3105 920 3157 διὰ
932 3105 1075 3171 τεεεάρων

107 3179 177 3240 culpo
248 3175 287 3225 16.
313 3191 361 3225 sex
382 3175 454 3224 Vm.
473 3191 526 3225 rec.
546 3176 643 3224 inrue.
715 3175 755 3227 tt.
778 3188 934 3240 sescupeocn
959 3175 1032 3238 (sese
1048 3177 1076 3224 in

107 3243 169 3305 ros.)
188 3243 213 3292 D
274 3240 421 3293 secuudum
439 3244 464 3292 D
524 3242 714 3310 symphoniam
737 3243 762 3292 V
778 3241 846 3307 (itero
862 3259 922 3293 mox
940 3258 976 3293 cr.
993 3241 1040 3308 20)

108 3312 146 3362 18.
165 3310 209 3361 διὰ
227 3309 312 3362 πέντε
330 3314 401 3376 culpo
471 3311 511 3362 20.
530 3308 575 3360 διὰ
592 3312 691 3361 noctur
709 3315 781 3376 culpo
849 3313 890 3360 21.
909 3325 1026 3360 serrone
1045 3311 1070 3357 D

174 3378 254 3428 hnD
311 3378 429 3429 numerii
449 3380 474 3428 V
529 3374 571 3440 v1]
592 3392 642 3428 sex
664 3381 692 3428 V
743 3377 887 3442 111]er
956 3374 1074 3425 ductes

108 3458 164 3500 oon
181 3448 206 3495 D
274 3447 315 3496 23.
334 3459 429 3496 reatori
451 3447 488 3507 V,
512 3443 622 3496 τέλειον
639 3451 712 3512 culpo
781 3446 858 3508 greci
881 3443 908 3492 V
973 3444 1014 3494 26.
1034 3456 1074 3490 tn·

108 3526 166 3564 num
184 3514 210 3562 D
279 3515 320 3564 29.
339 3513 548 3564 maturescendi
569 3515 595 3564 V
663 3525 796 3579 rutpertus
814 3513 840 3559 D

824 3590 871 3653 2*
