2560 3958
380 198 588 248 uniondum
611 196 685 247 cnr.
703 199 754 246 111.
1010 183 1053 248 59

85 342 177 421 ipsius
197 339 314 418 fulgore
335 339 469 402 considit.
514 338 622 400 diuersi
643 355 715 416 ergo
736 336 810 399 caeli
831 344 860 400 et
883 339 1051 416 vagantium

86 424 236 488 stellarum
252 441 403 486 concursu
417 423 495 504 quod
512 421 724 505 [temperatur]
740 424 891 502 utrimque
906 422 1051 485 deteritur

9 557 10 560 ,
88 508 343 578 enuntiationis
360 509 468 586 excipit
481 507 550 569 luna
567 518 596 572 et
610 507 664 568 soli
679 507 777 576 tradit,
794 525 852 586 quo
869 516 898 570 et
915 505 1050 568 animalia

85 595 239 674 rigescunt
260 601 288 654 et
302 594 419 672 *humus
440 593 568 672 quodam
583 592 672 654 modo
693 593 840 653 animatur
861 590 981 671 genitali
1003 609 1050 652 ca·

50 690 67 740 5
85 677 149 740 lore
165 678 213 759 [ut
226 680 267 740 ita
283 679 407 739 dixerim
421 676 511 758 uiro].

146 762 311 824 Plurimum
325 763 357 827 in
373 763 537 842 originibus
552 759 649 822 valent
663 780 739 840 quae
753 763 783 822 in
800 767 868 822 ortu
883 768 965 830 sunt,
987 759 1051 822 lan-

84 854 176 923 guent
196 848 229 907 in
249 864 366 908 occasu.
411 853 509 908 ortum
530 846 601 908 lacit
620 845 705 907 stella
726 863 814 925 quam
835 843 880 908 sol
901 846 1051 924 praeterit,
1071 859 1085 909 7

85 930 191 994 deinde
216 933 372 994 stationem
400 931 588 1000 matutinam,
624 947 691 992 cum
719 949 734 992 a
761 931 863 1009 quinto
889 929 955 990 loco
983 928 1052 996 solis

85 1017 173 1077 stetit.
209 1017 240 1076 iu
262 1016 367 1078 eodem
382 1023 481 1076 manet
496 1016 597 1093 signo,
619 1015 714 1076 donec
735 1015 771 1076 ab
789 1015 893 1077 eodem
908 1014 971 1077 sole
987 1033 1051 1076 mo·

34 1112 67 1162 10
85 1107 194 1161 vester.
224 1118 300 1179 quae
316 1101 465 1161 contraria
481 1105 526 1160 est
540 1097 603 1168 soli,
620 1116 707 1160 mane
723 1100 840 1171 occidit,
857 1099 951 1162 oritur
963 1099 1052 1160 simul

84 1191 171 1246 nocte
186 1190 216 1248 et
231 1190 351 1246 vocatur
367 1183 565 1264 acronycbos‚
589 1183 696 1245 deinde
716 1201 821 1246 rursus
841 1183 934 1245 altero
955 1183 1052 1254 latere
1079 1257 1081 1261 ,

85 1269 219 1349 aquinto
241 1270 327 1348 signo
342 1267 527 1346 deprebensa
547 1267 809 1347 postmeridianam
831 1269 1021 1339 stationemi
1039 1302 1051 1316 ·

84 1355 141 1423 cit,
168 1353 263 1414 donec
278 1353 412 1431 ingresso
427 1351 489 1414 sole
511 1352 589 1414 idem
605 1355 722 1431 signum
738 1353 793 1416 sub
808 1353 899 1416 radiis
920 1354 983 1418 eius
999 1353 1049 1414 de-

83 1437 199 1500 litescat
214 1444 243 1498 et
256 1437 287 1498 in
302 1443 395 1498 totum
410 1437 533 1500 occidat.

34 1534 65 1584 15
146 1523 299 1602 dspiciunt
318 1523 395 1590 inter
416 1541 448 1584 se
470 1521 572 1584 stellae
593 1539 630 1582 ex
650 1523 753 1599 quinto
774 1523 872 1602 signo,
906 1522 985 1601 quod
1007 1523 1049 1583 di·
1069 1536 1085 1588 8

84 1607 161 1668 citur
176 1607 342 1684 trigonum,
360 1613 389 1668 et
403 1606 516 1668 babent
535 1607 692 1666 maximam
708 1609 945 1668 consensionem.
980 1609 1051 1668 item

83 1707 99 1752 a
120 1698 241 1770 quarto,
272 1690 350 1769 quod
372 1689 480 1750 dicitur
495 1697 682 1768 tetragonum
706 1689 750 1770 [et
765 1697 889 1751 centron
904 1688 1050 1769 vocatur],

84 1782 115 1834 et
138 1776 169 1836 in
197 1774 371 1838 alterutrum
393 1775 553 1836 marimum
575 1779 705 1854 praestat
726 1773 872 1836 effectum.
917 1775 986 1836 item
1014 1793 1051 1836 ex

84 1859 249 1930 contrario,
273 1859 352 1937 quod
368 1867 414 1923 est
428 1860 587 1938 septimum
602 1859 719 1936 signum
741 1867 770 1921 et
785 1859 950 1934 diametron
965 1877 1050 1920 voca-

34 1954 67 2004 ao
84 1949 133 2004 tur
160 1949 264 2021 estque
284 1946 412 2006 maxime
439 1945 606 2008 adversum.
647 1954 747 2011 cetera
774 1943 916 2006 dissident
941 1942 987 2006 rel
1007 1943 1050 2006 le·

85 2028 159 2088 viter
179 2029 340 2106 aspiciunt,
363 2037 395 2090 ut
416 2032 536 2091 tertium
558 2027 711 2110 quodque,
735 2029 814 2108 quod
835 2028 944 2091 dicitur
959 2029 1049 2091 bexa-

84 2128 195 2190 goson.

147 2195 237 2274 Signa
260 2196 373 2275 tropica
398 2196 686 2276 peregrinationibus
707 2204 848 2277 praesunt
875 2205 905 2259 et
930 2198 1050 2258 omnino
1069 2211 1084 2262 9

83 2278 258 2350 mobilibus,
288 2287 318 2341 et
337 2282 368 2342 in
390 2281 519 2343 consiliis
539 2279 664 2342 subinde
685 2281 799 2342 variant
818 2281 914 2360 adque
929 2299 1050 2359 permu-

33 2377 64 2426 25
82 2372 156 2427 tant.
191 2362 328 2425 biformia
349 2367 667 2442 geminationererum
689 2365 822 2428 omnium
843 2366 1050 2445 repetitionem

83 2449 252 2529 significant
277 2455 306 2509 et
326 2451 442 2510 interim
469 2449 647 2514 dilationem.
691 2449 783 2512 solida
810 2449 1000 2512 vehementer
1022 2459 1051 2512 et

82 2533 227 2594 instanter
249 2531 381 2594 efficiunt
401 2539 430 2594 et
450 2534 485 2595 ad
508 2535 618 2596 exitum
639 2533 683 2596 vel
698 2552 842 2615 prospera
864 2533 910 2596 vel
930 2533 1050 2596 adversa

83 2617 265 2696 perducunt,
297 2617 373 2680 sicut
394 2620 579 2697 aspiciuntur
602 2637 620 2680 a
640 2618 730 2682 stellis
752 2619 797 2681 vel
818 2618 984 2682 fauentibus
1003 2620 1051 2682 vel

83 2701 326 2782 repugnantibus.
376 2728 387 2737 -

83 2887 286 2896 ...--—.

152 3004 176 3057 1.
194 3001 303 3055 deversi
324 3007 352 3055 V
398 3019 537 3073 accounts
555 3008 609 3057 DV
676 3010 700 3058 2.
720 3011 890 3074 temperatur
907 3010 981 3060 decit
1001 3009 1050 3061 Ur·

82 3071 183 3121 liaustu
252 3074 276 3123 3.
302 3087 416 3139 exceptu
439 3075 464 3124 D
532 3076 558 3126 b.
582 3083 640 3126 autc
662 3080 693 3126 ut
710 3080 781 3143 uulgo
806 3081 834 3127 et
851 3077 913 3129 odd.
981 3077 1052 3128 vivit

81 3140 148 3190 coni.
179 3137 318 3192 ornatum
385 3144 410 3192 9.
441 3155 534 3194 suarm
561 3144 599 3206 D,
629 3144 739 3196 steterit
768 3145 824 3196 dV
889 3147 929 3196 10.
960 3142 1048 3210 queo]

82 3205 157 3270 quod
178 3206 204 3256 V
270 3209 311 3259 11.
330 3221 480 3260 ecsoutcos
498 3224 651 3264 ucuouucua
662 3213 695 3275 D,
716 3213 858 3266 eoronicos
871 3214 1000 3264 scenicus
1016 3214 1048 3275 V,

81 3287 152 3326 corr.
171 3273 313 3328 Salmasius
330 3291 419 3330 eaeerc.
439 3277 506 3330 Ptin.
520 3294 550 3342 p.
564 3281 683 3329 sorar
750 3283 789 3333 13.
812 3280 969 3332 beurnescot
992 3275 1051 3343 (cst

82 3341 218 3407 dieras.)
237 3343 262 3392 D
332 3345 518 3398 tremerent
540 3346 565 3394 V
632 3348 672 3397 19.
693 3361 806 3414 sepuurn
824 3349 857 3407 D,
876 3348 983 3398 cormd

82 3409 125 3460 20.
149 3407 295 3460 bussebeuu
313 3412 338 3461 D
407 3413 449 3462 21.
474 3426 619 3478 exaoouou
636 3416 695 3466 DV
758 3418 801 3466 et.
826 3427 977 3466 maurannus
995 3413 1053 3462 DV

152 3481 236 3542 atque
259 3477 287 3526 V
351 3479 392 3530 26.
411 3479 555 3532 bunsruoue
572 3481 628 3530 DV
724 3487 728 3496 ‘
